3086 5118
578 323 780 382 -,,-

138 490 318 548 Lacernatur
338 507 404 566 pro:
422 493 553 552 ¹lacerna
576 494 691 551 radatur
719 508 747 563 2,
771 492 825 563 80,
848 509 880 568 3:
913 494 1022 570 quippe
1047 513 1115 555 cum
1136 495 1253 554 inermis
1275 500 1306 554 et

42 592 222 650 lacernatus
245 599 321 652 esset
342 588 414 670 (Juv.
441 609 461 662 1,
486 590 535 661 62;
558 593 636 652 Petr.
660 592 707 670 69,
732 592 768 671 5).
808 594 883 653 Vell.
906 611 931 665 2,
955 609 1001 671 70,
1025 611 1056 654 2:
1078 596 1196 656 lacerna
1217 575 1305 672 caput

43 694 256 752 circumdedit.
293 693 428 753 Lacerna
450 695 527 754 enim
550 703 596 754 est
616 697 704 756 vestis
725 697 872 756 cucullata
889 699 1020 767 crassior,
1044 715 1134 776 qnam
1156 699 1186 757 in
1203 697 1306 757 militia

44 803 78 852 et
106 795 214 854 itinere
236 795 342 856 milites
365 796 404 855 ad
427 796 586 855 arcendum
610 797 701 874 frigus
723 802 756 857 et
777 798 905 874 pluviam
926 800 1092 886 gestabant.

140 897 263 957 Prosus.
308 899 406 957 Prata
427 899 596 975 eloquentia
618 917 671 976 pro
694 901 789 961 soluta
811 901 945 960 oratione
965 897 1047 976 (Cic.)
1070 918 1091 972 1,
1115 915 1155 976 17,
1177 918 1209 976 31
1239 919 1304 977 per·

57 1000 176 1058 sectum
194 1018 300 1075 prosae
317 1001 501 1077 eloquentiae
519 1000 617 1061 decus.
648 1003 739 1062 Prosa
755 1003 850 1063 oratio
867 1011 977 1063 exstat:
999 1003 1062 1063 Col.
1083 1019 1120 1073 11,
1140 1020 1162 1073 1,
1182 1018 1208 1072 1;
1230 1001 1304 1062 Plin.

46 1102 77 1160 h.
102 1121 132 1160 n.
157 1114 182 1176 7,
204 1101 241 1178 56
263 1097 326 1177 (571,
349 1118 418 1178 203;
440 1103 507 1162 Sen.
531 1121 576 1180 ep.
601 1121 652 1180 94,
676 1119 723 1183 27;
751 1103 851 1177 Quint.
876 1122 902 1176 1,
924 1121 954 1181 5,
979 1104 1024 1174 18:
1051 1103 1129 1164 Suet.
1153 1103 1229 1180 Aug.
1253 1102 1303 1182 853
1363 1127 1366 1132 ·

51 1202 164 1263 Claud.
188 1219 226 1273 1.;
248 1204 337 1263 Dom.
359 1221 387 1278 4.

142 1303 334 1364 Sacerdotalr's
352 1321 384 1376 2,
409 1322 470 1380 124,
493 1321 525 1379 4:
553 1325 612 1384 quo
633 1316 768 1384 tempore
785 1308 855 1367 mihi
877 1308 1017 1383 fratrique
1039 1326 1121 1377 meo,
1140 1307 1303 1368 candidatis

52 1406 203 1476 Caesaris,
226 1409 359 1483 proxime
381 1426 400 1466 a
422 1408 607 1468 nobilissimis
630 1426 665 1468 ac
687 1409 917 1469 sacerdotalibus
939 1411 1004 1469 viris
1026 1411 1304 1488 destinari‘praeto·

51 1510 136 1568 ribus
165 1510 289 1585 contigit
319 1506 421 1589 (Orelli
447 1510 539 1571 Inscr.
566 1509 654 1587 49811
685 1511 874 1571 sacerdotalis
900 1513 954 1581 vir3
981 1512 1053 1571 Plin.
1081 1530 1128 1589 ep.
1150 1527 1174 1589 7,
1197 1529 1247 1586 24,
1270 1511 1302 1572 6:

53 1611 256 1671 sacerdotales
278 1609 356 1687 ludi).
456 1689 460 1696 ι

145 1713 265 1773 Rectius
291 1713 497 1791 Part-Adiect.
524 1731 576 1790 per
601 1715 823 1773 translationem
850 1715 888 1773 de
909 1731 998 1789 opere
1028 1715 1175 1792 scriptoris
1200 1715 1304 1775 dicitur

52 1808 126 1894 proi
161 1818 253 1876 brevis
275 1832 305 1887 2,
327 1815 379 1890 89,
405 1825 432 1875 1:
463 1833 501 1874 ne
527 1816 557 1873 in
578 1816 675 1891 operis
693 1815 815 1892 quidem
835 1817 904 1894 justi
925 1816 1062 1890 materia,
1090 1816 1198 1876 nedum
1220 1817 1304 1895 hujus

55 1929 120 1977 tam
148 1920 233 1978 recisi
259 1918 348 1994 digne
373 1919 494 1995 exprimi
520 1924 625 1993 potest
668 1915 713 1976 Cf.
736 1917 809 1976 Plin.
832 1934 878 2005 ep.
903 1934 929 1987 1,
952 1933 1004 1989 20,
1026 1916 1058 1975 8:
1090 1937 1127 1978 ea
1154 1919 1248 1978 recisa
1274 1927 1303 1978 et

52 2029 217 2096 repurgata
242 2022 273 2078 in
300 2038 389 2079 unum
417 2020 522 2079 librum
546 2026 705 2079 coartasse.
749 2019 796 2079 Ad
822 2027 937 2096 tempus
964 2021 1086 2080 refertur
1108 2021 1187 2097 apud
1208 2021 1302 2081 Hadr.

48 2125 124 2199 imp.
149 2141 196 2200 ap.
219 2121 346 2182 Callistr.
368 2122 426 2197 dig.
449 2138 495 2198 47,
519 2139 563 2190 21,
587 2138 613 2180 2.
999 2185 1002 2190 ,

142 2223 328 2305 Subrefeclus
353 2217 458 2300 (ἅπαξ
483 2218 684 2308 εἰρημένον),
706 2223 745 2282 ab
766 2225 905 2283 inusitato
931 2226 1020 2284 verbo
1047 2225 1198 2285 subrelicio
1229 2226 1304 2285 deri·
1344 2221 1348 2240 '

48 2334 155 2384 vatum
173 2325 357 2404 adjectivum,
375 2345 429 2403 pro
447 2329 591 2401 aliquanto
609 2327 715 2404 refecto
734 2334 829 2384 exstat
843 2342 867 2396 2,
885 2341 943 2402 123,
961 2343 991 2403 31
1010 2326 1189 2386 subreiectus
1208 2329 1302 2403 primo

52 2436 218 2503 conspectu
240 2427 429 2504 alloquioque
450 2427 590 2486 carissimi
612 2428 665 2486 sibi
688 2429 812 2505 spiritus.
989 2418 990 2422 ¹

150 2529 316 2588 stratonicus
333 2531 351 2587 i.
371 2547 396 2592 e.
415 2529 453 2588 ad
474 2528 626 2588 Teutonos
644 2531 791 2605 pertinens
808 2546 833 2600 2,
854 2545 914 2598 120,
934 2534 966 2589 0:
988 2526 1134 2608 (hostiurn)
1155 2531 1302 2608 911101111-

51 2631 168 2689 bricam
187 2630 441 2707 Teutonicamqne
459 2632 591 2689 militiam
609 2630 712 2690 Italiae
735 2633 923 2692 minabantur
943 2628 1020 2705 (Val.
1039 2632 1120 2712 Max.
1139 2633 1196 2704 bis;
1214 2632 1304 2693 Clau·

53 2733 135 2790 dian.
157 2733 189 2790 111
210 2732 332 2809 Eutrop.
355 2733 411 2802 bis;
435 2732 565 2791 Frontin.
589 2749 615 2807 1,
638 2749 668 2803 2,
691 2731 723 2802 6;
746 2733 832 2809 Prop.
855 2731 1076 2809 01111211).-

143 2833 311 2894 Νο111111112
333 2833 440 2892 deinde
458 2832 586 2911 Vellejus
609 2833 752 2910 adjectiva
773 2834 863 2893 habet
884 2852 1045 2912 eorumque
1066 2837 1301 2911 significationes,

54 2953 134 3011 quae
156 2937 235 3011 apud
257 2937 419 3012 superiores
441 2942 545 3012 poetas
567 2935 744 3011 frequentius
766 2936 963 2996 inveniuntur:

141 3037 274 3096 Actiacas
296 3038 313 3095 i.
332 3054 359 3095 e.
381 3036 419 3096 ad
437 3036 555 3096 Actium
576 3037 683 3125 urbem
700 3038 847 3112 pertinens
869 3054 894 3107 2,
913 3038 960 3110 86,
981 3055 1010 3109 2;
1033 3057 1058 3111 2,
1078 3038 1124 3111 88,
1145 3056 1170 3099 1:
1193 3039 1302 3108 bellum

53 3137 136 3214 (Ov.,
160 3139 263 3214 Verg.,
286 3137 359 3197 Plin.
381 3139 463 3216 maj„
486 3138 572 3208 Tae,
596 3137 652 3212 21).
1220 3122 1222 3126 ’

145 3239 250 3316 Capax
276 3240 412 3300 absolute
438 3239 543 3299 dicitur
575 3256 600 3310 1,
629 3239 677 3310 62,
706 3256 735 3298 2:
767 3241 888 3316 capacia
918 3243 1038 3319 ingenia
1064 3245 1204 3320 cujusque
1231 3243 1302 3302 clari

12 3327 13 3334 ‘
55 3345 151 3421 operis
172 3341 246 3421 (Ov.,
269 3343 353 3414 Hor.
376 3343 472 3413 uuor,
495 3342 544 3403 sa
567 3343 643 3412 aar,
666 3343 741 3402 ern.
764 3345 866 3414 ambo,
894 3343 1301 3420 cr.1<10arrexrc.naan.).

139 3447 308 3505 Dastractur
330 3447 347 3503 i.
370 3465 392 3504 s.
415 3459 443 3522 q.
467 3447 588 3520 negotiis
609 3451 758 3520 occupatus
779 3461 809 3514 2,
835 3462 894 3518 114,
919 3462 945 3503 1:
968 3455 1121 3522 tamquam
1144 3446 1302 3505 distractis·

57 3550 147 3610 simus
169 3549 218 3607 ille
239 3555 388 3607 tantorum
411 3564 533 3624 operum
555 3546 633 3604 mole
651 3546 718 3604 huic
735 3547 784 3604 nni
802 3547 921 3622 negotio
939 3555 1057 3607 vacaret
1074 3547 1188 3607 animus
1206 3544 1301 3622 (Lucr.

56 3670 87 3726 4,
109 3650 161 3727 691
185 3651 232 3725 ed.
254 3649 390 3709 Lachm:
414 3658 443 3708 et
465 3649 582 3708 divisior
603 3649 677 3708 inter
699 3667 730 3707 se
753 3666 789 3708 ac
810 3648 975 3709 distractior
997 3649 1097 3724 actus).
1129 3677 1131 3682 ·

143 3752 285 3812 Genitalis
307 3753 387 3829 apud
404 3759 512 3828 poetas
530 3751 694 3827 superiores
712 3751 770 3809 vim
788 3750 877 3809 habet
894 3751 1043 3828 gignendi,
1066 3757 1099 3810 ut
1117 3750 1197 3828 apud
1214 3751 1300 3810 anr.

56 3874 87 3926 2,
109 3854 144 3913 62
166 3862 195 3913 et
218 3853 273 3912 Ov.
296 3862 365 3914 met.
390 3868 437 3929 15,
461 3870 516 3930 239
539 3853 679 3930 genitalia
701 3870 826 3929 corpora
853 3863 920 3911 sunt
947 3853 1104 3923 elementa,
1132 3871 1168 3911 ex
1195 3853 1300 3928 quibus

57 3957 156 4018 omnia
177 3957 338 4032 gignuntur
360 3963 390 4014 et
412 3956 490 4031 apud
505 3957 596 4032 Verg.
614 3972 716 4030 georg.
739 3970 765 4023 2,
783 3969 838 4029 324
860 3953 995 4012 dicuntur
1018 3942 1156 4028 genitalia
1177 3955 1299 4014 semina.
1414 3997 1416 4004 .

57 4061 137 4118 Inter
158 4057 243 4117 solut.
267 4066 340 4118 orat.
364 4058 518 4134 scriptores
540 4058 650 4133 primus
672 4073 741 4114 usus
764 4063 808 4114 est
835 4055 893 4113 hoc
918 4056 1062 4134 adjectivo
1083 4057 1212 4134 Vellejus
1234 4075 1299 4132 pro:

59 4165 163 4222 natalis
184 4179 209 4233 2,
233 4176 257 4238 7,
282 4175 311 4238 7:
334 4179 402 4220 curn
423 4163 553 4220 viderent
574 4169 656 4220 tanto
678 4160 871 4236 potentiorem
893 4157 974 4235 Tyro
996 4157 1219 4234 Carthaginem,
1244 4158 1301 4236 Cy·

59 4265 150 4325 zicurn
171 4283 208 4324 ac
224 4263 398 4340 Byzantium
416 4262 518 4322 Mileto
540 4261 662 4338 genitali
684 4261 748 4320 solo
769 4257 977 4336 (,Mutterland,
996 4257 1194 4336 Vaterstadt‘).
1224 4260 1300 4320 Item
1389 4327 1390 4332 1

58 4365 183 4444 genitale
200 4355 489 4432 'soluminvenitum
520 4367 618 4424 Amm.
647 4362 740 4422 Marc.
765 4349 939 4437 17,12,,21;
967 4360 1100 4422 Cassiod.
1123 4380 1183 4420 var.
1213 4379 1238 4432 1,
1263 4361 1307 4434 42

59 4477 89 4528 et
112 4483 159 4544 43;
187 4469 306 4545 Vopisc.
328 4468 398 4525 Aur.
425 4483 455 4541 3,
479 4483 503 4525 2.
549 4466 684 4524 Similiter
710 4465 813 4524 dicitur
840 4464 975 4540 genitalis
1002 4464 1086 4523 sedes
1109 4481 1176 4540 pro:
1204 4464 1298 4539 patria
