3086 5118
589 292 793 354 —ss-

45 479 144 520 unam
171 463 345 527 alteramve
361 482 455 540 supra
478 465 781 540 commemoravimus,
803 480 840 524 ea
857 472 974 523 tantum
991 465 1156 535 afferemus,
1179 484 1256 542 quae
1277 466 1316 524 ab

47 564 166 622 usitata
187 565 314 625 dicendi
332 567 543 625 consuetudine
561 567 688 626 maxime
702 566 854 626 videantur
870 565 1008 625 recedere
1025 575 1076 625 aut
1094 567 1173 644 apud
1191 567 1316 643 optimos

46 666 220 742 scriptores
242 667 337 726 minus
355 668 412 726 sint
430 668 601 744 frequentia.
624 669 660 727 ln
678 687 738 726 non
752 669 836 728 nullis
850 685 918 726 vero
936 668 1022 727 rebus
1040 669 1064 726 si
1079 668 1187 727 multus
1205 667 1316 738 luerim,

47 768 176 826 veniam
202 776 289 844 pet0.

139 869 329 947 Singularis
350 890 487 929 numerus
509 870 588 930 verbi
610 872 738 948 ponitur,
770 871 818 931 ubi
840 873 1002 950 subjectum
1024 871 1064 930 ad
1085 871 1158 929 duos
1179 870 1225 930 vel
1246 892 1318 932 conr-

42 976 153 1048 plures
179 990 331 1049 personas
353 974 477 1049 pertinet
498 989 524 1044 2,
547 989 574 1048 9,
600 990 626 1031 1:
649 991 704 1032 nec
726 972 956 1050 praetereundus
974 972 1110 1055 Metellus
1133 980 1162 1032 et
1179 974 1318 1038 Scaurus:

48 1089 73 1144 2,
93 1091 125 1150 9,
147 1073 186 1132 6:
220 1075 372 1134 Vetustior
389 1073 592 1148 „sisennavfuit
614 1074 731 1135 Caelius
754 1075 953 1152 Claudiusque
975 1073 1189 1149 Quadrigarius
1211 1082 1241 1134 et
1258 1074 1321 1133 Va·

49 1176 142 1234 lerius
174 1176 302 1246 Antias;
330 1192 359 1247 2,
381 1192 432 1252 54,
455 1193 484 1236 2:
501 1176 639 1246 bellum,
667 1177 746 1253 quod
773 1178 871 1237 ciebat
896 1196 947 1236 rex
970 1176 1047 1255 Juba
1073 1186 1102 1235 et
1124 1175 1229 1253 Scipio.
1273 1175 1319 1235 cf.

50 1278 189 1354 Zumptii
216 1277 352 1338 Gramm.
375 1277 441 1337 Lat.
463 1275 483 1354 ξ
501 1292 564 1354 373.

148 1377 339 1440 Constructio
361 1379 411 1439 illa
433 1373 518 1441 κατὰ
540 1373 678 1451 σύνεσιν,
701 1382 817 1457 quatit,
842 1390 874 1440 ut
895 1381 1006 1440 nomini
1028 1380 1179 1440 collectivo
1201 1381 1322 1457 pluralis

53 1482 138 1540 verbi
159 1499 309 1540 numerus
327 1481 512 1561 adjungatur,
531 1484 674 1541 invenitur
694 1500 715 1554 1,
737 1481 779 1554 16,
797 1499 827 1558 5:
847 1483 924 1542 adeo
941 1491 1069 1542 artatum
1087 1484 1227 1558 angustiis
1246 1492 1320 1542 tem·

53 1601 182 1658 porum,
217 1592 251 1642 nt
273 1601 362 1643 nemo
383 1585 526 1642 memoria
547 1583 652 1660 dignus
679 1585 753 1644 alter
778 1584 817 1642 ab
843 1583 936 1643 altero
961 1584 1051 1643 videri
1075 1585 1268 1662 nequiverint;
1295 1601 1322 1661 2,

55 1699 100 1759 33,
120 1701 158 1758 4:
185 1695 223 1744 ut
241 1686 335 1763 major
357 1704 424 1762 pars
446 1686 553 1746 ordinis
571 1687 713 1764 equestris
732 1684 905 1745 Ciceronem
923 1695 1167 1763 prosequerentur
1186 1685 1320 1755 domum:

57 1801 87 1856 2,
114 1802 168 1864 19,
196 1803 231 1860 4:
255 1805 323 1846 cum
346 1787 419 1846 alter
442 1787 524 1847 alteri
546 1796 665 1864 possent
686 1805 750 1848 esse
772 1786 887 1846 solatio.

147 1889 312 1966 Apporr'tio,
335 1907 412 1964 quae
434 1888 537 1947 dicitur
556 1891 696 1966 partitiva
718 1890 764 1948 vel
786 1889 978 1960 distributiva,
1007 1889 1147 1964 reperitur
1169 1904 1197 1958 2,
1222 1902 1266 1963 71,
1289 1904 1320 1962 3:

58 1989 184 2050 Drusus
209 1990 308 2050 Livius
331 1997 359 2048 et
381 1991 478 2049 Varus
500 1989 658 2062 Quintilius
676 1991 749 2049 alter
771 2009 803 2048 se
825 1991 886 2067 ipse
908 1990 1069 2060 interemit,
1097 1990 1194 2049 Varus
1221 1998 1323 2049 autem

55 2093 222 2169 jugulatus
244 2100 297 2151 est.
341 2090 386 2150 Cf.
408 2092 519 2168 Draeg.
541 2092 606 2150 hist.
629 2092 708 2169 Synt.
730 2091 754 2149 l.
776 2110 805 2168 p.
828 2108 855 2166 3.
1126 2095 1130 2104 ’

153 2192 291 2254 Genr'tr'vr'
309 2193 439 2271 objectivi
457 2194 553 2252 minus
574 2194 683 2252 usitata
705 2193 840 2268 exempla
858 2193 1018 2252 afferantur
1035 2192 1122 2253 haec:
1145 2193 1321 2273 adjutorium

60 2296 132 2354 belli
152 2313 181 2366 2,
204 2311 259 2366 112,
278 2310 310 2372 43
332 2312 415 2353 amor
432 2296 559 2371 partium
576 2294 822 2371 Pompeianarum
840 2310 865 2365 2,
884 2292 928 2365 62,
944 2293 976 2365 6;
999 2312 1070 2354 cura
1092 2295 1159 2354 belli
1181 2311 1206 2365 2,
1225 2309 1270 2371 97,
1290 2311 1320 2364 23

61 2415 137 2457 cura
162 2398 285 2473 frugum
306 2412 335 2468 2,
359 2411 410 2472 25,
434 2413 459 2467 1;
482 2395 604 2464 infamia
625 2397 769 2474 pecuniae
791 2413 820 2467 2,
843 2412 891 2471 32,
915 2413 930 2454 2
952 2393 1046 2469 (Caes.
1068 2397 1098 2455 b.
1120 2415 1146 2456 c.
1176 2414 1203 2468 1,
1225 2414 1257 2471 4,
1282 2401 1321 2472 3);

63 2499 199 2574 segnitia
221 2515 281 2557 non
303 2499 447 2558 vindictae
468 2499 589 2577 injuriae
614 2517 639 2571 1,
665 2517 689 2571 1,
715 2516 740 2570 1;
762 2500 884 2577 injuriae
905 2499 952 2557 avi
975 2515 1001 2569 1,
1025 2497 1057 2569 8,
1080 2516 1100 2572 4
1121 2497 1252 2577 (injuriae
1275 2517 1323 2558 so·

64 2600 185 2658 ciorum
208 2600 276 2660 Sall.
293 2599 366 2678 ·Jug.
390 2616 432 2674 14,
457 2597 512 2676 19);
535 2601 606 2659 ultio
629 2601 843 2660 inimicitiarum
866 2617 896 2671 2,
920 2615 944 2676 7,
968 2600 986 2660 6
993 2617 1000 2669 ;
1023 2601 1096 2672 ultio
1118 2603 1274 2660 noxiorum
1288 2611 1321 2670 Ι2,

67 2715 130 2776 125,
156 2717 186 2776 3·
846 2792 851 2800 Ι

160 2801 312 2862 Genitivus
329 2803 386 2874 ille,
406 2821 496 2880 quem
505 2807 695 2879 proprietatis
711 2821 779 2862 vere
793 2803 907 2874 dixeris,
925 2803 1065 2878 reperitur
1078 2820 1103 2874 2,
1114 2803 1162 2880 69,
1173 2819 1201 2862 2:
1220 2803 1323 2862 decem

67 2904 207 2979 legiones
233 2907 263 2964 in
290 2923 326 2964 eo
353 2913 448 2964 tractu
474 2906 518 2963 sui
543 2906 613 2983 juris
640 2906 760 2974 fecerat;
790 2902 909 2976 2,'108,
932 2921 961 2963 2:
993 2906 1130 2965 finitimos
1152 2907 1247 2966 omnis
1269 2914 1321 2965 aut

67 3004 151 3064 bello
176 3005 289 3064 domuit
311 3015 362 3065 aut
384 3006 604 3066 condicionibus
625 3007 670 3065 sui
689 3008 760 3084 juris
782 3005 858 3065 iecit.

161 3106 311 3168 Genitivus
333 3125 393 3166 non
410 3108 495 3166 nullis
513 3108 670 3185 adjectivis,
693 3126 770 3185 qnae
787 3117 937 3180 vocantur,
955 3108 1080 3168 relativis
1098 3110 1279 3187 adjungitur:

158 3212 236 3270 Acer
257 3209 326 3269 belli
350 3227 376 3281 1,
399 3226 430 3284 3,
455 3227 466 3268 1
493 3207 571 3284 (acer
592 3209 712 3270 militiae
733 3209 806 3270 Tac.
829 3211 894 3270 hist.
917 3226 945 3280 2,
970 3205 1012 3288 5);
1039 3219 1141 3270 tamen
1164 3214 1325 3271 acerrimus

71 3309 153 3371 bello
176 3328 206 3384 2,
231 3313 278 3383 18,
303 3330 314 3370 1
338 3310 437 3388 (Verg.
461 3313 535 3371 Aen.
560 3327 608 3382 10,
631 3307 702 3388 411).
746 3310 850 3371 Cicero
872 3311 929 3370 hoc
950 3311 1125 3391 adjectivum
1147 3332 1215 3372 cum
1237 3330 1324 3389 prae·

72 3416 273 3488 positionibus,
297 3433 373 3492 qnae
395 3423 463 3474 sunt
483 3415 512 3473 in
535 3422 565 3473 et
586 3414 633 3485 ad,
657 3415 817 3492 conjungit.
839 3445 880 3457 -
903 3433 998 3492 capax
1020 3404 1155 3475 fortunae
1178 3431 1207 3484 2,
1231 3431 1283 3491 93,
1307 3431 1325 3473 2

72 3511 148 3590 (Ov.,
171 3516 238 3576 Seu.
257 3527 343 3593 trag,
366 3516 449 3587 Tac,
471 3516 544 3576 Plin.
563 3534 617 3592 ep,
641 3515 740 3594 Cum).
776 3516 897 3593 Propria
915 3518 1125 3592 significatione
1145 3519 1206 3594 jam
1226 3517 1323 3578 Livius
1375 3523 1380 3536 ’

74 3616 160 3677 dixit:
183 3619 240 3678 cibi
262 3620 379 3696 vinique
399 3619 608 3694 capacissimus
631 3634 659 3693 9,
683 3615 725 3688 16,
750 3634 799 3693 13.·
814 3648 855 3660 -
877 3619 1010 3678 eminens
1031 3637 1057 3677 c.
1079 3621 1170 3694 genit.
1193 3636 1324 3690 1,12,2:

75 3718 173 3797 Scipio
195 3721 376 3780 Aemilianus
398 3721 498 3797 ingeni
520 3738 556 3779 ac
578 3719 740 3780 studiorum
763 3719 1008 3780 eminentissimus
1030 3721 1119 3780 seculi
1141 3722 1194 3781 sui.
1237 3722 1327 3782 Haec

75 3828 222 3882 structura
243 3822 322 3900 apud
345 3823 439 3882 solum
454 3822 598 3900 Vellejum
620 3821 733 3883 videtur
755 3831 878 3882 exstare.
896 3853 937 3865 -
957 3823 1128 3883 fortissimus
1150 3825 1242 3882 animi
1263 3824 1326 3883 bel·

75 3921 154 3999 lique
177 3940 206 3995 2,
229 3939 276 4001 27,
309 3942 320 3983 1
343 3924 431 4002 (Nep.
457 3924 543 3985 Paus.
569 3942 594 3994 1,
618 3941 634 3985 2
655 3943 748 3985 manu
770 3923 851 3983 iortis
873 3923 957 3993 dixit3
980 3923 1060 4000 apud
1083 3922 1256 3984 Ciceronem
1279 3944 1326 3985 se·

76 4036 204 4099 quuntnr
225 4025 454 4103 praepositiones
471 4027 501 4085 in
518 4033 548 4084 et
565 4021 624 4102 ad).
643 4056 683 4068 —
701 4024 875 4084 immodicus
893 4024 1004 4100 gloriae
1022 4041 1046 4096 2,
1066 4043 1103 4092 11,
1124 4043 1135 4084 1
1160 4023 1239 4103 (Sall.
1259 4026 1325 4086 hist.

78 4141 100 4193 1,
127 4143 176 4200 114
197 4126 250 4185 D.:
269 4128 445 4186 immodicus
467 4129 570 4198 animi:
594 4126 666 4198 Col,
685 4127 768 4197 Tac,
791 4126 850 4197 sil,
872 4123 966 4205 Stat).
1010 4128 1129 4188 Tamen
1150 4129 1326 4192 immodicus

78 4227 108 4284 in
130 4223 301 4304 appetendis
324 4229 482 4288 honoribus
506 4246 530 4300 2,
553 4246 600 4306 33,
624 4247 650 4305 3.
669 4259 709 4272 -
731 4229 871 4289 immunis
894 4229 1065 4289 delictorum
1087 4239 1277 4307 paternorum
1299 4247 1325 4300 2,

78 4340 102 4400 7,
121 4345 136 4386 2
158 4328 228 4403 (Liv.
250 4344 277 4407 7,
296 4345 320 4406 7,
339 4345 369 4406 5;
393 4328 448 4388 Ov.
471 4330 531 4390 her.
556 4349 598 4407 14,
622 4330 653 4400 8;
676 4330 751 4389 Tac.
774 4347 843 4388 ann.
868 4348 890 4400 1,
913 4329 969 4407 36).
989 4362 1029 4373 -
1047 4315 1326 4392 Tamenimmunis

78 4446 102 4487 c.
124 4431 181 4490 abl.
204 4448 229 4502 2,
253 4447 296 4507 33,
320 4448 352 4503 2;,
372 4448 397 4503 2,
420 4431 468 4505 46,
491 4449 521 4502 2;
545 4449 570 4503 2,
595 4448 649 4509 115,
673 4448 688 4490 2
710 4431 782 4507 (Liv.
807 4448 829 4504 1,
851 4449 897 4509 43,
921 4433 957 4510 8).
985 4465 1025 4476 —
1056 4435 1194 4493 immunis
1216 4434 1254 4493 ab
1277 4453 1323 4493 ar·
