3086 5118
768 312 971 356 -12-

326 489 485 547 Arrentatio
508 488 537 544 in
559 483 670 543 bonam
692 490 806 559 partem
830 481 934 542 dicitur
953 500 1010 559 pro
1031 460 1199 553 ossenseiine,
1221 484 1463 542 commendatione
1483 498 1507 551 2,

243 590 300 661 128,
324 607 354 666 3:
377 590 427 665 qui
451 588 492 646 M.
510 585 609 646 Tullio
632 592 747 644 tantum
765 585 902 656 tribuere,
925 592 957 644 ut
974 602 1071 660 paene
1093 584 1292 644 assentatione
1314 600 1368 644 sua
1390 583 1507 658 quibus

241 692 329 758 vellet
350 691 529 767 principatus
551 687 721 748 conciliaret
741 685 828 761 (Patr.
853 702 893 763 17,
917 684 948 762 1).

183 855 185 860 ,
325 795 573 854 Auctoronentunr
593 789 673 864 apud
691 787 865 848 Ciceronem
883 795 1052 848 contractus
1070 797 1123 859 est,
1145 807 1205 864 quo
1227 789 1292 864 quis
1311 805 1344 847 se
1361 787 1509 846 mercede

149 959 154 968 ,
240 903 330 973 pacta
356 893 395 952 ad
421 890 532 968 aliquid
557 890 636 950 velut
657 889 697 951 ad
718 889 804 949 ludos
831 889 1022 965 gladiatorios
1048 890 1162 965 obligat
1184 887 1233 966 (ci.
1255 889 1318 949 Cic.
1341 889 1378 948 de
1401 889 1458 948 off.
1486 904 1508 956 1,

240 1013 286 1071 42,
310 991 395 1070 150);'
416 993 558 1052 translate
579 992 696 1068 ponitur
717 1010 772 1066 pro
797 1008 987 1068 quocumque
1013 992 1146 1068 praemio
1173 1001 1225 1050 aut
1246 993 1356 1067 pretio,
1383 1009 1449 1067 quo
1476 1009 1508 1050 se

239 1098 304 1174 quis
325 1095 365 1156 ad
387 1092 618 1154 interficiendum
640 1092 752 1152 addixit
773 1107 799 1162 2,
822 1092 869 1164 28,
892 1109 923 1168 3:
946 1093 977 1151 in
999 1111 1035 1152 ea
1055 1093 1181 1171 jugulati
1203 1093 1272 1152 civis
1293 1092 1426 1152 Romani
1445 1105 1509 1168 ‘pu-

239 1199 314 1258 blice
336 1198 560 1256 constitueretur
586 1201 842 1254 auctoramentum
869 1201 951 1264 etz,
979 1193 1032 1264 66,
1059 1211 1091 1268 3:
1123 1201 1349 1254 auctoramento
1379 1193 1506 1252 funebri

238 1296 428 1376 (Germanice
459 1299 581 1358 dicimus
613 1293 790 1370 ,Blutgeld‘l
821 1295 862 1354 ad
893 1297 1106 1356 conservatoris
1137 1295 1290 1372 quondam
1320 1296 1507 1372 reipublicae

240 1403 373 1481 tantique
394 1399 522 1460 consulis
545 1397 697 1460 invitando
719 1414 825 1456 necem
846 1394 924 1473 (Seu.
947 1397 1026 1473 phil..
1049 1395 1147 1474 Suet).

225 1554 227 1557 .
329 1501 446 1560 Candor
468 1519 521 1576 per
542 1499 765 1560 translationem
788 1498 891 1558 dicitur
912 1517 966 1575 pro
988 1501 1083 1558 amini
1101 1502 1288 1574 simplicitate,
1311 1500 1505 1558 benevolentia

243 1621 271 1675 2,
296 1602 360 1673 116,
382 1618 411 1677 5:
439 1619 535 1678 neque
558 1602 653 1678 justus
680 1600 744 1659 sine
770 1599 927 1660 mendacio
950 1600 1063 1661 candor
1088 1601 1179 1677 apud·
1195 1601 1290 1661 bonos
1317 1601 1434 1660 crimini
1458 1608 1505 1659 est

241 1702 318 1780 (Oa,
341 1703 414 1763 Plin.
436 1722 505 1779 pan.
527 1699 582 1778 84).

332 1804 443 1881 Capeus
469 1813 515 1864 est
537 1803 616 1880 apud
640 1803 804 1861 Vitruvium
833 1821 871 1862 ea
896 1822 965 1879 pars
987 1802 1090 1872 redae,
1122 1803 1153 1861 iu
1179 1821 1239 1878 qua
1264 1804 1314 1880 qui
1345 1810 1504 1862 vectantur

242 1907 354 1978 sedent,
378 1905 458 1983 apud
480 1905 625 1984 Vellejum
649 1913 784 1980 saeptum
806 1905 927 1964 sudibus
950 1905 1075 1975 iactum,
1098 1923 1158 1981 quo
1179 1905 1318 1964 animalia
1344 1905 1505 1966 continen-

241 2018 289 2069 tur
313 2027 338 2081 1,
363 2008 410 2078 16,
434 2025 464 2067 2:
491 2006 744 2083 quemadmodum
772 2007 874 2066 clausa
897 2024 988 2082 capso
1012 2007 1108 2066 aliove
1130 2014 1234 2082 saepto
1256 2007 1360 2066 diversi
1381 2008 1505 2082 generis

243 2110 383 2170 animalia
403 2118 632 2186 congregantur.
1409 2183 1413 2192 ἢ

328 2212 391 2270 Pro
413 2218 496 2286 coptu
517 2228 584 2286 pro:
611 2213 853 2284 intronizatum
878 2211 982 2270 dicitur
1004 2225 1033 2279 2,
1062 2225 1131 2282 104,
1159 2226 1191 2283 31
1223 2209 1502 2270 caelestissimorum

243 2314 304 2390 ejus
325 2310 436 2388 (Tiberi
467 2311 612 2387 Caesaris)
638 2329 760 2388 operum
783 2321 930 2388 spectator
951 2319 981 2371 et
1001 2329 1056 2388 pro
1075 2319 1164 2387 captu
1187 2310 1394 2370 mediocritatis
1415 2312 1504 2388 adju·

242 2421 289 2472 tor
311 2414 352 2472 fui
372 2411 448 2485 (San.
471 2413 616 2472 declam.
641 2430 666 2484 1,
692 2430 739 2488 19,
762 2430 790 2482 2;
815 2413 891 2473 Gell.
916 2430 942 2483 r,
965 2430 997 2489 9,
1016 2429 1047 2488 3;
1076 2413 1180 2489 Velleji
1206 2420 1236 2472 et
1259 2413 1390 2472 Senecae
1416 2413 1502 2472 locos

242 2513 320 2574 adde
341 2514 424 2573 lexic.
443 2512 572 2588 Latinis).
607 2513 729 2573 Classici
748 2515 903 2590 scriptores
921 2515 978 2573 hoc
995 2515 1140 2573 vocabulo
1161 2532 1222 2572 non
1245 2520 1372 2584 utuntur,
1395 2514 1457 2572 nisi
1472 2516 1503 2572 in

243 2614 383 2692 loquendi
405 2614 546 2674 formula:
569 2621 603 2674 ut
621 2622 719 2690 eaptus
741 2623 783 2673 est
803 2624 944 2692 sequente
966 2617 1095 2690 genitivo
1118 2615 1223 2690 plural.
1246 2613 1327 2692 (Cic,
1350 2614 1455 2689 Caes).

332 2700 462 2776 Censura
483 2735 537 2793 pro
556 2718 672 2794 judicio
694 2717 812 2793 ponitur
829 2733 859 2787 2,
883 2716 933 2791 36,
957 2733 989 2791 3:
1012 2733 1083 2776 nam
1105 2717 1237 2776 vivorum
1258 2724 1292 2776 ut
1313 2735 1424 2792 magna
1448 2717 1504 2776 ad·

243 2819 373 2889 miratio,
405 2819 447 2876 ita
474 2835 599 2878 censura
626 2817 749 2877 difficilis
783 2827 827 2878 est
853 2814 930 2893 (Seu.
957 2835 1018 2894 ep„
1049 2817 1123 2877 Plin.
1151 2820 1233 2895 maj„
1265 2818 1382 2896 Juven.,
1413 2817 1502 2888 Geli,

245 2914 349 2994 Apul).
393 2918 480 2994 Apud
508 2924 621 2978 veteres
647 2921 802 2995 scriptores
829 2919 904 2979 haec
930 2938 987 2978 vox
1015 2937 1130 2995 semper
1157 2920 1195 2979 de
1220 2937 1343 2978 munere
1365 2922 1502 2978 censorio

244 3019 355 3078 dicitur.

333 3118 494 3196 Confinriem
522 3121 561 3180 ab
584 3121 701 3197 optimis
727 3123 916 3198 scriptoribus
938 3132 1055 3183 tantum
1081 3124 1199 3200 propria
1226 3123 1437 3199 significatione
1462 3125 1501 3182 de

242 3221 374 3282 terminis
397 3223 427 3282 in
448 3223 574 3298 praediis
597 3223 709 3282 rusticis
732 3225 866 3299 usurpari
888 3224 971 3285 solet.
1011 3225 1131 3295 Poetae,
1154 3232 1186 3282 ut
1209 3222 1340 3293 Ovidius,
1364 3224 1403 3282 ad
1425 3234 1504 3284 tem·

243 3342 298 3400 pus
315 3326 526 3386 transtulerunt
549 3342 634 3384 usum
656 3325 740 3402 hujus
763 3311 854 3395 vocis;
877 3326 957 3402 apud
977 3326 1114 3386 Cornific.
1137 3327 1177 3385 ad
1197 3326 1329 3385 Herenn.
1352 3343 1380 3400 4,
1405 3342 1441 3396 11,
1469 3327 1503 3386 16

244 3427 380 3501 primum,
403 3426 510 3485 deinde
533 3426 613 3502 apud
635 3427 799 3502 scriptores,
823 3428 872 3503 qui
889 3436 957 3504 post
975 3429 1100 3503 Augusti
1123 3428 1240 3487 obitum·
1259 3429 1384 3512 luerunt,
1407 3435 1505 3488 trans·

245 3529 304 3586 late
328 3529 366 3586 de
387 3530 451 3588 aliis
474 3529 561 3588 rebus
584 3529 669 3604 quasi
692 3529 792 3587 vicinis
815 3529 930 3600 dicitur,
953 3529 1033 3589 velut
1055 3530 1131 3590 Vell.
1155 3517 1273 3604 2,'124,
1297 3548 1323 3588 r:
1354 3531 1384 3588 in
1410 3548 1503 3605 quam

246 3635 330 3686 arcto
359 3630 459 3690 salutis
483 3630 609 3704 exitique
637 3630 744 3690 suimus
771 3633 898 3690 confinio
919 3631 996 3706 (Seu.
1015 3651 1069 3708 ep,
1089 3631 1303 3705 Quint.,.Tac.,
1321 3630 1394 3689 Plin.
1413 3631 1506 3708 pam).

332 3727 475 3807 Confusio
501 3749 555 3806 pro
580 3733 795 3806 perturbatione
822 3736 917 3791 antini
940 3733 1043 3792 dicitur
1069 3749 1098 3802 2,
1128 3748 1189 3806 124,
1221 3748 1246 3790 1:
1278 3749 1354 3806 quae
1381 3741 1503 3792 senatus

244 3830 409 3905 trepidatis,
432 3849 510 3907 quae
532 3833 633 3908 populi
655 3833 788 3892 confusio
805 3832 881 3908 (l'al.
900 3835 994 3904 Max„
1012 3834 1101 3903 Tac„
1124 3833 1197 3893 Plin.
1215 3834 1299 3901 min.;
1323 3832 1428 3892 Cicero
1446 3834 1503 3892 hac

245 3948 318 3990 voce
340 3939 456 4009 semper
479 3935 567 3993 utitur
589 3954 643 4012 pro
665 3937 868 4014 conjunctione,
885 3937 1099 4010 permrntr'one).

335 4033 485 4096 Conteritur
515 4037 594 4112 apud
629 4035 802 4096 Ciceronem
832 4039 1069 4104 consuetudinem,
1105 4037 1316 4096 contubernium
1348 4037 1501 4112 signifieat,
1525 4019 1526 4022 Ἴ

238 4135 329 4210 'apud
348 4137 501 4211 scriptores
524 4147 691 4212 argenteae,
715 4156 793 4213 quae
810 4145 940 4207 vocatur,
964 4138 1068 4196 aetatis
1092 4155 1145 4213 pro
1163 4140 1289 4197 conoeir'o
1307 4139 1432 4214 ponitur,
1455 4155 1504 4198 ve·

227 4236 289 4302 ‚lut
312 4235 387 4295 Vell.
405 4253 431 4306 2,
449 4253 496 4311 33,
515 4254 548 4311 4:
571 4236 710 4297 Lucullus
732 4241 871 4315 profusae
892 4239 977 4316 hujus
998 4239 1029 4297 in
1052 4239 1190 4298 aedificiis
1213 4240 1450 4316 convictibusque
1473 4247 1504 4297 et

179 4377 184 4386 -
248 4338 442 4412 apparatibus
464 4340 595 4398 luxuriae
617 4339 727 4415 primus
749 4348 854 4399 auctor
878 4340 930 4400 luit
952 4340 1048 4415 (Cels,
1071 4341 1145 4400 Plin.
1168 4343 1247 4418 maj„
1270 4339 1363 4416 Tac).

334 4439 467 4514 Digestio
490 4458 544 4516 pro
567 4459 603 4498 eo
626 4441 740 4511 dicitur,
763 4442 845 4517 quod
871 4449 914 4500 est
936 4445 1070 4501 ordinato
1098 4446 1185 4502 serr'es
1207 4459 1237 4512 2,
1260 4458 1311 4516 53,
1335 4458 1364 4514 4:
1393 4459 1460 4498 curn
1484 4461 1502 4502 a
