3086 5118
246 498 354 557 cabulo
376 497 557 576 adjungitur,
585 496 664 554 velut
691 511 762 552 ann.
785 510 814 563 2,
837 509 885 568 55:
913 495 1082 553 exercitium
1115 495 1260 569 equitum
1288 508 1321 567 3,
1344 507 1393 566 33:
1421 507 1516 549 exer-

245 600 346 658 citium
369 600 532 658 cohortium
554 595 649 672 (Geli,
673 593 797 672 Veget).

331 701 495 758 Exsecutor
526 716 595 757 eum
626 697 785 773 significat,
815 697 866 773 qui
898 696 1008 774 aliquid
1038 699 1207 772 exsequitur
1234 697 1264 780 i.
1278 713 1304 754 e.
1330 695 1449 770 perficit
1482 709 1512 762 2,

245 817 290 876 45,
312 819 336 860 1:
355 801 387 859 P.
406 800 527 858 Clodius
544 799 690 859 malorum
709 800 925 875 propositorum
944 785 1098 858 exsecutor
1119 799 1287 858 acerrimus.
1321 795 1409 872 Apud
1430 796 1511 871 juris

246 903 396 962 consultos
418 902 536 977 ponitur
557 919 610 976 pro
633 904 811 976 apparitore,
838 907 984 970 exactore,
1011 918 1089 976 quae
1116 900 1289 976 significatio
1311 898 1341 957 in
1367 897 1510 972 linguam

223 1003 455 1063 vGermanicam
486 1003 703 1077 transmigravit
728 996 935 1078 (,Executor‘).
977 1002 1066 1076 Apud
1092 1001 1264 1060 Suetonium
1290 999 1415 1059 eandem
1444 998 1510 1055 vim

245 1105 345 1175 habet,
369 1122 459 1180 quarn
475 1107 605 1179 punitor,
625 1105 711 1174 ullor,
730 1111 762 1160 ut
780 1103 869 1178 Vesp.
889 1118 935 1174 14:
953 1102 1132 1161 offensarum
1151 1103 1426 1176 inimicitiarumque
1449 1100 1511 1156 mi·

244 1207 323 1265 nime
346 1223 460 1265 memor
481 1213 665 1264 executorue.

328 1308 489 1367 Intellectus
514 1322 568 1382 pro
594 1308 784 1380 intellegentia
807 1314 844 1364 et·
862 1309 1020 1381 cognitione
1040 1307 1058 1364 i.
1086 1325 1112 1364 e.
1134 1309 1245 1381 pereira
1273 1308 1303 1362 in
1330 1304 1414 1362 rebus
1437 1309 1510 1360 arte

237 1412 335 1488 sactis
357 1408 544 1487 (Germanice
566 1407 703 1466 vertimus
727 1389 943 1482 ,Gescbmack‘l
965 1407 1068 1466 dicitur
1091 1424 1110 1477 1,
1136 1424 1177 1481 13,
1199 1422 1231 1481 5:
1258 1406 1354 1481 magis
1375 1421 1429 1480 pro
1453 1422 1506 1462 re·

246 1509 363 1586 publica
395 1509 447 1568 fuit
477 1525 599 1566 manere
626 1507 723 1566 adhuc
751 1506 854 1567 rudem
881 1507 1100 1567 Corinthiorum
1125 1508 1319 1576 intellectum,
1351 1524 1443 1582 quam
1472 1507 1506 1564 in

243 1619 359 1668 tantum
386 1627 422 1668 ea
452 1609 582 1683 intelligi.
627 1608 816 1680 Posteriores,
839 1618 872 1670 ut
893 1610 959 1669 Sen.
983 1611 1061 1687 phil,
1084 1610 1157 1669 Plin.
1180 1611 1262 1686 maj..
1286 1608 1401 1680 Quint,
1424 1607 1505 1666 Tac.

245 1710 323 1768 hanc
344 1727 447 1769 vocem
472 1727 527 1768 usu
544 1720 718 1786 receperunt
739 1720 769 1770 et
790 1729 844 1787 pro
866 1712 1058 1786 intelligentia
1085 1711 1256 1787 saepissime
1277 1718 1507 1785 usurpaverunt.

328 1811 516 1886 Interemptor
547 1830 602 1887 pro
623 1813 731 1871 usitato
758 1812 902 1871 vocabulo
928 1815 1136 1891 interfectoris,
1159 1812 1240 1889 quod
1265 1811 1396 1870 invenies
1418 1810 1504 1885 apud

246 1913 388 1990 Vellejum
407 1929 432 1983 2,
451 1912 496 1987 58,
519 1928 549 1985 3;
572 1929 597 1983 2,
621 1912 665 1989 87,
689 1929 715 1987 3,
738 1915 854 1989 ponitur
875 1930 900 1984 2,
926 1929 988 1989 129,
1015 1932 1040 1972 1:
1063 1933 1122 1990 qua
1144 1914 1300 1990 prudentia
1320 1910 1505 1986 Rhascupo-

243 2015 303 2085 lim,
322 2016 561 2089 interemptorem
580 2015 677 2074 fratris
695 2015 747 2083 sui,
762 2015 895 2074 evocavit
910 2014 949 2090 (V
950 2015 988 2074 al.
1001 2013 1082 2073 Max.
1100 2014 1129 2085 ὁ,
1149 2032 1171 2083 1,
1189 2031 1218 2085 2;
1236 2014 1304 2073 Sen.
1321 2032 1367 2089 ep.
1385 2025 1433 2086 7ο,
1452 2029 1502 2084 14;

243 2115 333 2174 Treb.
361 2116 434 2174 Poll.
458 2116 525 2190 trig.
551 2124 605 2192 tyr.
627 2115 654 2185 8,
677 2129 707 2191 7;
738 2116 877 2178 Prudent.
904 2117 981 2176 cath.
1010 2133 1049 2188 12,
1082 2133 1144 2191 114;
1176 2119 1301 2192 August.
1332 2117 1361 2175 in
1392 2132 1503 2189 evang.

244 2218 350 2295 Joann.
373 2226 458 2276 tract.
482 2231 527 2293 79,
549 2215 583 2293 21
627 2216 712 2288 Quos
734 2217 815 2276 locos
838 2217 931 2278 addas
954 2218 1053 2277 lexicis
1075 2218 1197 2278 Latinis.

328 2319 453 2377 Marcor
470 2319 613 2378 translate
632 2319 735 2378 dicitur
752 2336 806 2395 pro
824 2322 953 2395 ignauia,
973 2322 1097 2394 segnitia
1113 2317 1200 2393 (banc
1217 2337 1320 2379 vocem
1338 2319 1376 2378 de
1392 2319 1504 2379 eodem

246 2420 336 2489 Varo,
359 2420 397 2478 de
415 2438 475 2496 quo
497 2403 544 2479 bic
566 2438 663 2479 sermo
681 2422 721 2491 tit,
745 2421 874 2480 invenies
896 2436 921 2491 2,
946 2419 1002 2492 118,
1025 2419 1051 2497 2)
1072 2436 1098 2492 2,
1122 2438 1180 2496 119,
1203 2437 1232 2479 2:
1255 2420 1399 2480 exercitus
1421 2439 1505 2479 mar·

243 2537 312 2580 core
334 2521 426 2590 datie,
449 2521 570 2597 perfidia
593 2521 693 2591 hostis,
716 2521 872 2597 iniquitate
894 2522 1029 2582 fortunae
1052 2523 1274 2582 circumventus.
1317 2521 1440 2598 Propria
1465 2523 1508 2583 sin

242 2623 432 2697 gnificatione
462 2622 537 2681 haec
564 2641 621 2681 vox
651 2624 769 2698 ponitur
795 2641 849 2699 pro
875 2626 1030 2699 languore,
1062 2631 1156 2699 topore
1182 2623 1262 2699 apud
1289 2623 1366 2684 Cels.
1393 2641 1425 2699 3,
1447 2641 1505 2694 ²03

242 2723 317 2782 Seu.
329 2731 442 2800 quaest.
462 2732 523 2782 nat.
542 2739 569 2799 3,
592 2739 635 2799 27,
653 2739 683 2799 53
706 2724 777 2783 Stat.
800 2724 895 2783 Theb.
920 2741 963 2795 10,
986 2720 1162 2800 21191111ρί1
1179 2736 1296 2785 marcor
1317 2742 1371 2802 pro
1393 2744 1504 2785 somno

243 2824 355 2900 exstat).
408 2826 495 2901 Apud
521 2825 594 2884 Plin.
616 2827 645 2884 11.
669 2845 697 2884 n.
725 2842 772 2896 22,
799 2842 832 2885 22
861 2823 933 2903 (46),
961 2843 1000 2902 94
1027 2826 1156 2886 eandem
1183 2829 1242 2884 vim
1268 2846 1383 2884 marcor
1410 2827 1504 2885 habet

241 2946 332 3004 quam
357 2930 489 3002 putrcdo.
533 2927 670 2987 Similiter
700 2929 831 3005 Vellejus
857 2929 947 2987 verbo
977 2931 1126 2988 marcendi
1149 2931 1238 2989 utitur
1260 2944 1289 2999 2,
1318 2927 1373 3003 84,
1396 2943 1426 2986 2:
1462 2932 1505 2986 vi·

239 3029 331 3104 gebat
362 3029 392 3085 in
419 3029 476 3086 hac
507 3035 592 3105 parte
618 3029 702 3089 miles
733 3037 824 3105 atque
850 3031 1022 3105 imperator,
1053 3031 1083 3088 in
1114 3030 1165 3089 illa
1195 3031 1368 3091 marcebant
1398 3033 1504 3089 omnia

238 3128 313 3204 (Ov.,
333 3129 412 3205 Livi.

326 3231 468 3290 Patratio.
483 3250 537 3307 pro
553 3234 725 3322 perfectione
750 3245 907 3311 usurpatur
925 3251 950 3305 2,
969 3234 1016 3310 98,
1035 3251 1063 3292 2;
1087 3242 1191 3310 gentes
1214 3234 1410 3294 ferocissimas
1433 3236 1501 3309 plu-

240 3334 313 3391 rimo
338 3352 405 3391 cum
428 3336 542 3394 excidio
562 3336 592 3393 in
614 3336 768 3411 pristinum
796 3338 877 3412 pacis
899 3336 1012 3411 redegit
1039 3337 1161 3394 modum
1188 3338 1310 3414 ejusque
1333 3332 1422 3413 (belli)
1446 3355 1501 3411 pa-

239 3437 365 3494 tratione
387 3437 475 3494 Asiae
502 3438 688 3495 securitatem
717 3437 851 3496 reddidit.
895 3438 952 3496 Pro
978 3438 1123 3495 concubitu
1146 3439 1262 3514 ponitur
1289 3439 1501 3496 hoc-vocabu-

238 3536 300 3593 lum
323 3537 403 3611 apud
420 3537 535 3594 Theod.
554 3536 642 3596 Prisc.
660 3553 685 3607 2,
707 3555 734 3596 11
757 3540 887 3614 itemque
905 3540 1035 3598 obsceno
1053 3556 1141 3599 sensu
1164 3540 1243 3615 apud
1266 3547 1393 3598 veterem
1412 3540 1502 3598 scho-

241 3636 357 3696 liastam
380 3636 419 3696 ad
440 3638 520 3696 Pers.
545 3653 572 3708 1,
597 3637 628 3696 18
650 3643 780 3713 patratio
807 3637 851 3699 est
878 3641 919 3699 rei
942 3641 1096 3700 Venereae
1122 3640 1264 3716 perfectio
1290 3641 1335 3697 vel
1358 3657 1501 3700 consum-

207 3738 214 3752 '
239 3738 339 3828 matio,
363 3736 441 3797 unde
464 3746 494 3798 et
516 3746 614 3813 patres
637 3740 706 3800 dicti
728 3760 773 3810 eo,
797 3742 877 3817 quod
899 3743 1064 3816 patratione
1085 3742 1159 3799 filios
1181 3748 1345 3816 procreant.

329 3839 487 3898 Praedalro
510 3849 610 3900 actum
632 3843 794 3918 praedandi
817 3844 962 3918 significat
976 3859 1001 3911 2,
1025 3858 1067 3917 73,
1091 3858 1117 3916 31
1146 3841 1305 3900 latrociniis
1323 3850 1353 3901 et
1370 3844 1501 3928 praeda-

240 3941 368 4000 tionibus
389 3941 526 4002 infestato
548 3944 622 4003 mari
644 3943 726 4021 (Tac.
749 3963 818 4003 ann.
837 3961 863 4019 3,
885 3933 937 4019 Ι74;
962 3960 1000 4013 12,
1024 3959 1073 4018 ²93
1097 3938 1202 4020 Lact.).

169 4121 175 4130 7
326 4043 528 4119 Praeparetur
554 4064 608 4122 pro
625 4048 850 4120 praeparatione
872 4054 967 4104 exstat
989 4060 1018 4114 2,
1042 4043 1145 4119 76,·3;
1177 4055 1370 4122 praeparatus
1391 4053 1497 4107 contra

239 4161 308 4202 eum
336 4145 471 4206 Caesaris
498 4148 601 4206 habuit
628 4146 696 4204 belli
723 4155 848 4216 metum;
880 4146 983 4205 Haase
1010 4155 1040 4205 et
1066 4145 1159 4205 Halm
1185 4148 1300 4224 legunt:
1332 4155 1497 4223 apparatus

237 4240 324 4321 (Gell.
343 4261 392 4316 ·10,
417 4264 453 4317 11,
478 4245 513 4325 7).

288 4375 293 4381 ·
324 4346 480 4426 Profectus
501 4366 555 4423 pro
575 4359 751 4423 progressu,
774 4361 911 4424 processu
933 4351 1012 4426 apud
1035 4353 1180 4430 Vellejum
1202 4329 1328 4428 primum
1351 4352 1497 4410 invenitur

241 4464 266 4516 1,
292 4447 337 4515 16,
360 4462 390 4504 2:
413 4449 453 4506 ita
475 4450 598 4522 capacia
620 4451 739 4525 ingenia
762 4453 791 4509 in
813 4452 999 4512 similitudine
1017 4461 1046 4513 et
1069 4463 1234 4535 temporum
1257 4461 1287 4512 et
1308 4453 1494 4529 profectuum
