3086 5118
756 271 1064 352 ..70...'

231 468 310 543 quod
329 476 373 526 est
391 466 471 542 alqm
490 463 638 539 despicere
655 479 680 534 2,
700 463 745 538 76,
769 481 789 537 4
806 461 882 539 (Sen.
901 463 1022 538 Thyest.
1036 459 1108 534 366:
1126 461 1201 520 inira
1218 479 1252 520 se
1271 463 1347 520 videt
1369 461 1497 532 omnia).
1528 445 1529 468 ¹

234 599 272 610 -
296 569 392 645 Infra
415 583 513 625 servos
535 564 639 623 dicitur
662 565 699 622 de
721 583 765 634 eo,
789 565 839 640 qui
859 565 984 622 liberum
1007 563 1157 636 ingenium
1179 580 1290 622 exuens
1308 563 1499 637 dedignatur
1528 565 1529 578 ¹

232 689 264 736 se
286 670 375 728 servis
398 667 568 726 submittere
591 674 643 724 ant
665 666 753 725 servis
776 683 880 742 parere
902 681 927 734 2,
951 663 996 738 83,
1022 681 1048 721 1:
1074 663 1151 721 inira
1173 682 1272 723 servos
1294 665 1403 724 cliens.
1453 661 1498 720 cf.
1528 719 1529 752 ἒ

229 771 302 828 Tac.
318 788 386 828 ann.
404 785 444 842 13,
454 783 485 825 2:
504 785 599 843 neque
612 766 723 849 Neroni
736 768 813 826 infra
827 784 925 825 servos
939 766 1099 840 ingenium.
1110 797 1149 806 —
1165 766 1224 824 Per
1234 768 1329 823 omnia
1341 767 1413 842 Jam
1429 765 1500 822 inde

231 890 250 929 a
272 870 355 946 Livio
378 868 488 926 dictum
511 875 555 926 est
577 885 631 943 pro
654 870 684 925 in
707 867 848 936 omnibus,
876 871 997 925 omnino.
1043 866 1171 942 Velleius
1197 868 1239 925 ita
1256 867 1376 925 locutus
1403 874 1453 923 est
1476 881 1499 933 2,

229 989 272 1045 31,
298 961 327 1039 1;”
348 986 373 1039 2,
397 985 441 1043 33,
467 985 493 1038 1;
517 985 542 1039 2,
565 983 613 1043 35,
637 985 666 1038 2;
690 976 789 1042 2,’4ο,
812 985 841 1039 2;
866 985 894 1038 2,
919 967 972 1044 69,
995 970 1027 1038 6;
1051 985 1079 1038 2,
1106 983 1175 1038 100,
1198 985 1224 1042 3.
1253 998 1292 1008 -
1320 968 1409 1025 Post.
1445 970 1499 1024 Ar-

230 1078 368 1146 genuae,
394 1087 471 1146 quae
498 1063 634 1140 vocatur}
657 1071 762 1128 aetatis
789 1070 944 1145 scriptores
966 1087 1032 1127 cum
1057 1087 1201 1128 annorum
1224 1071 1342 1128 nomine
1365 1087 1499 1144 compo·

231 1179 352 1230 suerunt
380 1189 488 1230 nomen
517 1174 557 1229 rei
585 1167 683 1240 actae,
712 1171 790 1229 velut
814 1164 840 1240 1]
865 1188 912 1240 10,
936 1188 966 1245 5:
998 1173 1124 1230 alterum
1151 1189 1187 1230 ex
1214 1173 1273 1230 suis
1295 1172 1399 1230 liberis
1426 1180 1499 1229 ante

232 1291 344 1348 paucos
367 1273 513 1348 triumphi,
537 1273 660 1330 alterum
683 1281 751 1348 post
772 1262 925 1348 pauciores
948 1273 1045 1330 amisit
1067 1273 1128 1330 dies
1151 1269 1234 1349 (Just.
1259 1291 1302 1347 14,
1318 1273 1348 1348 ’3,
1367 1262 1424 1352 8)]
1453 1273 1497 1331 Cf.

233 1374 325 1433 Hand
348 1375 434 1434 Turs.
458 1374 511 1432 IV.
534 1392 563 1449 p.
586 1390 657 1449 494.
681 1403 720 1414 -
748 1372 820 1430 Post
840 1381 994 1448 poetarum
1017 1393 1099 1432 more
1121 1392 1189 1433 cum
1211 1377 1391 1450 pronomine
1419 1375 1496 1444 ‚hoc‘
1528 1359 1529 1362 ¹

229 1475 391 1534 collocatur
413 1482 442 1532 et
464 1493 517 1550 pro
533 1481 631 1548 postea
655 1473 759 1532 dicitur
778 1491 805 1544 2,
824 1489 865 1544 21,
883 1491 916 1548 4:
939 1476 1080 1550 posthoc
1098 1475 1153 1534 Cn.
1172 1476 1331 1553 Pompejns
1351 1477 1494 1535 decessit.

165 1599 168 1604 ’
229 1576 273 1635 Cf.
293 1577 385 1634 Hand
404 1577 490 1634 Turs.
509 1576 563 1634 IV.
583 1595 611 1651 p.
630 1593 699 1651 494.
723 1607 762 1618 -
786 1578 857 1635 Post
879 1595 910 1635 se
928 1602 969 1622 =
987 1595 1019 1635 se
1041 1587 1158 1636 mortuo
1180 1594 1205 1649 2,
1226 1595 1283 1652 123,
1303 1595 1328 1636 2.
1349 1609 1391 1620 —-
1413 1577 1495 1636 Sine.

230 1678 354 1736 Homeri
376 1671 468 1735 illuxit
486 1669 640 1754 ingenium
663 1679 725 1736 sine
748 1678 884 1754 exemplo
901 1681 1064 1737 maximum
1089 1697 1111 1748 1,
1130 1695 1155 1754 5,
1177 1698 1198 1738 1.
1223 1711 1262 1722 -
1286 1683 1348 1739 sine
1365 1683 1434 1739 fine
1452 1703 1494 1724 =

230 1796 345 1854 semper
369 1795 397 1848 2,
422 1794 483 1854 107,
503 1795 532 1838 2:
556 1781 618 1838 sine
639 1781 697 1837 fine
719 1789 889 1856 respectans
912 1780 1081 1840 Caesarem.
1105 1813 1144 1822 -
1172 1781 1261 1840 Ultra
1284 1782 1321 1840 de
1343 1784 1493 1858 temporis

230 1881 325 1956 spatio
343 1879 447 1939 dicitur
468 1897 489 1950 1,
506 1895 544 1950 12,
556 1894 585 1955 7:
605 1881 681 1939 adeo
699 1881 801 1939 odium
820 1883 1028 1940 certaminibus
1047 1891 1144 1940 ortum
1162 1883 1240 1941 ultra
1258 1893 1369 1942 metum
1392 1885 1491 1942 durat.

229 1981 274 2040 Cf.
298 1981 369 2041 Sen.
389 1999 435 2057 ep.
460 1997 520 2052 102,
544 2000 577 2055 4:
601 1983 677 2042 ultra
699 1991 863 2040 extremum
887 1984 964 2042 diem
986 2003 1073 2044 curas
1095 1987 1304 2058 transmittere;
1329 1986 1440 2059 Quint.
1465 2003 1490 2060 p,

229 2100 262 2153 2,
285 2074 341 2142 881
368 2091 401 2140 111
428 2101 488 2142 11011
515 2083 601 2142 durat
627 2085 704 2141 ultra
729 2103 857 2159 poenam
879 2085 1081 2146 abdicationis.
1104 2119 1144 2128 -
1172 2087 1258 2145 Ultra
1280 2088 1429 2147 translate
1453 2087 1489 2144 ad
1528 2109 1529 2120 ¹

228 2201 370 2260 personas
389 2184 561 2256 collocatur,
585 2186 663 2243 velut
685 2203 714 2256 2,
737 2186 841 2257 88‚‘2:
870 2189 912 2247 vir
933 2189 994 2248 otio
1016 2208 1052 2248 ac
1073 2189 1201 2248 mollitiis
1223 2209 1320 2266 paene
1341 2191 1424 2249 ultra
1448 2189 1489 2247 fe·

230 2287 341 2343 minam
364 2286 470 2356 fluens;
500 2303 534 2357 2,
559 2287 620 2358 118,
648 2303 676 2346 2:
702 2291 815 2364 juvenis
837 2291 913 2350 ultra
935 2291 1094 2350 barbarum
1117 2289 1269 2368 promptris
1291 2292 1425 2366 ingenio.
1449 2321 1486 2331 -

233 2385 327 2459 Usque
342 2404 396 2460 pro
416 2407 503 2461 usque
521 2391 561 2445 ad
577 2389 606 2447 in
625 2389 724 2464 primis
743 2391 972 2464 significationes
990 2394 1104 2450 urbium
1123 2395 1252 2468 sequitur
1270 2402 1298 2452 et
1317 2411 1368 2453 eas
1387 2411 1487 2466 voces,

168 2533 170 2537 .
216 2503 304 2560 ¹quae
326 2487 356 2544 in
374 2505 410 2544 eo
429 2507 552 2547 numero
574 2490 728 2559 habentur,
752 2493 830 2550 velut
852 2509 877 2563 2,
897 2492 924 2561 6,
943 2510 975 2566 3:
998 2512 1092 2570 usque
1109 2495 1201 2570 Alpes
1219 2495 1400 2554 extendebat
1420 2495 1486 2554 civi·

226 2595 327 2645 tatem.
356 2588 400 2647 cf.
421 2589 445 2666 J.
464 2590 492 2648 S.
511 2590 612 2661 M...‚
632 2591 808 2651 Uebersicht
826 2594 905 2652 aller⁴
921 2613 987 2652 zum
1005 2596 1103 2654 latein.
1122 2596 1360 2672 Sprachstudium
1380 2595 1486 2670 gehdr.

225 2687 335 2746 Partik.
359 2709 387 2766 p.
409 2703 473 2766 547.
534 2713 536 2718 ·
