3086 5118
565 290 770 350 ,4--

18 467 134 536 lective
160 465 283 532 estrei,
306 459 336 520 in
360 479 416 536 qua
434 463 575 536 quispiam
598 467 676 519 tutus
693 467 745 530 est,
777 460 856 519 velut
873 477 904 537 2,
922 459 969 538 89,
988 479 1022 536 4:
1045 462 1129 520 rediit
1151 465 1292 523 securitas
1381 455 1384 464 ⁴

18 567 217 635 bominibus;
245 580 275 634 2,
299 562 350 640 98,
375 579 402 620 1:
433 579 522 638 quem
550 562 711 620 securitatis
735 562 872 620 urbanae
898 561 1050 622 custodem
1077 563 1234 635 habemus;
1263 581 1290 637 2,

18 670 90 739 128,
117 685 155 742 4:
190 666 220 725 id
242 667 272 724 in
294 666 416 724 tutelam
438 664 600 724 securitatis
624 681 696 723 suae
717 651 842 722 advocet
864 660 947 738 (Plio.
970 666 1038 741 maj.
1061 667 1197 736 211111,
1224 667 1291 725 Sen.

18 771 111 846 phil,
137 768 236 846 Τ22.).
713 777 714 780 ’
1008 831 1010 834 .

116 869 231 928 Sensus
253 869 312 925 vim
329 867 420 926 habet
436 867 586 924 sententiae
603 868 696 924 uerbis
714 876 868 941 expressae
889 882 914 936 2,
933 882 961 941 9,
981 865 1015 925 61
1037 885 1108 926 sane
1127 886 1188 926 nou
1206 870 1289 944 igno·

18 990 130 1032 remus
154 970 355 1046 Pomponium
377 968 511 1028 sensibus
537 969 674 1027 crebrum
695 969 808 1044 (Haase
837 974 867 1027 et
893 966 985 1026 Halm
1008 969 1175 1039 ‚celebrem‘
1197 968 1289 1045 (Stat,

20 1073 153 1145 Quint„
178 1067 273 1145 Tac).
318 1069 364 1128 C.
383 1069 527 1128 Boetticlr.
550 1070 634 1128 lexic.
656 1069 752 1131 Tacit.
774 1089 803 1146 p.
826 1085 884 1143 424
909 1066 1005 1143 (Adde
1025 1071 1107 1131 locos
1131 1073 1235 1150 Velleji
1262 1081 1291 1132 et

20 1175 130 1233 Taciti
154 1172 196 1232 ad
219 1171 480 1247 Krebs·Allgayer,
503 1154 657 1229 Antibarb.
680 1171 726 1230 ed.
751 1162 786 1230 V.
811 1191 840 1248 p.
865 1167 958 1248 1062).
1001 1171 1089 1250 Quae
1116 1175 1291 1249 significatio

24 1293 135 1344 aurea,
160 1292 239 1350 quae
261 1279 392 1342 vocatur,
415 1279 515 1330 aetate
541 1280 696 1346 poetarum
718 1280 775 1342 est,
794 1273 850 1330 vid.
866 1263 948 1338 Hor.
971 1281 1027 1333 sat.
1051 1292 1076 1343 1,
1099 1289 1131 1348 3,
1155 1273 1204 1334 66.

119 1375 220 1435 Series
241 1374 358 1450 proprie
380 1381 425 1432 est
446 1371 519 1431 ordo
541 1390 638 1431 rerum
661 1373 786 1431 invicem
809 1391 952 1454 nexarum
974 1382 1004 1434 et
1025 1375 1138 1433 ratione
1159 1377 1291 1452 quadam

25 1479 244 1554 dispositarum
266 1491 297 1546 2,
321 1491 385 1546 120,
408 1490 442 1548 4:
473 1473 643 1550 complexus
666 1482 839 1534 catenarum
861 1475 966 1534 seriem
988 1474 1092 1548 (Curt,
1115 1475 1188 1536 Plin.
1211 1479 1290 1554 maj,

26 1580 129 1649 Suet,
153 1577 280 1654 postea).
307 1576 411 1662 Cicero
428 1575 485 1634 hac
504 1591 578 1634 voce
596 1594 649 1651 per
665 1575 887 1636 translationem
905 1575 1018 1636 videtur
1040 1578 1090 1647 uti,
1108 1584 1140 1635 ut
1162 1578 1292 1657 Vellejns

27 1682 95 1756 ipse
117 1695 143 1750 2,
165 1678 269 1749 118,1:
292 1677 386 1736 litium
408 1676 497 1736 series
518 1673 647 1752 (Plural.)

120 1779 203 1840 Situs
225 1778 383 1838 insolenter
403 1776 442 1836 de
464 1778 498 1837 iis
519 1779 607 1836 rebus
630 1778 742 1849 dicitur,
765 1797 843 1854 quae
864 1779 1079 1847 obsoleverunt,
1097 1780 1133 1836 -11
1151 1779 1290 1839 desuetu-

32 1883 136 1942 dinem
156 1882 296 1940 abierunt
318 1895 347 1950 2,
373 1878 437 1950 126,
461 1895 491 1937 2:
517 1880 708 1956 sepultaeque
731 1898 767 1939 ac
789 1881 845 1939 situ
870 1881 984 1940 obsitae
1002 1881 1123 1958 justitia,
1146 1882 1288 1957 aequitas,

29 1983 177 2044 industria
198 1983 307 2042 civitati
326 1980 466 2042 redditae.
502 1980 828 2052 Ci.Gell.20,1,10.
1287 2052 1290 2056 ¹

120 2083 253 2161 Spiritus
275 2082 484 2160 praeeuntibus
507 2083 602 2164 poetis
620 2082 726 2142 Ovidio
745 2093 774 2143 et
790 2083 919 2158 Vergilio
942 2081 979 2140 de
997 2085 1148 2144 carissimo
1170 2083 1289 2143 homine

30 2187 152 2262 ponitur
174 2201 200 2255 2,
224 2202 282 2260 123,
304 2202 336 2260 31
358 2183 541 2244 subrelectus
563 2185 659 2260 primo
681 2192 840 2260 conspectu
862 2185 1213 2262 alloquioquecarissimi
1236 2185 1289 2244 sibi

31 2288 156 2364 spiritus
177 2283 276 2370 (etiam
293 2286 471 2346 Germanice
490 2286 606 2344 dicitur:
628 2287 717 2356 ,mein
738 2287 830 2345 liebes
848 2283 977 2360 Leben‘).
1013 2285 1128 2346 Eadem
1151 2285 1289 2364 loquendi

33 2389 112 2447 ratio
129 2389 273 2465 reperitur
290 2389 321 2446 in
338 2387 381 2447 M.
399 2387 499 2446 Aurel.
514 2387 622 2463 Imper.
638 2388 676 2446 ad
693 2389 835 2446 Fronton.
854 2406 882 2463 p.
899 2403 932 2454 21,
950 2387 995 2445 ed.
1015 2387 1102 2452 Rom.
1113 2405 1201 2469 anno
1221 2386 1288 2461 1823

34 2488 86 2566 (--
106 2505 175 2566 253,
199 2488 217 2548 8
239 2485 339 2563 Nab.):
363 2488 452 2557 Vale,
476 2506 560 2548 meus
582 2489 699 2565 spiritus
719 2487 815 2564 (Adde
831 2489 931 2548 lexicis
952 2488 1084 2565 Latinis).

124 2591 256 2649 Tractus.
300 2589 369 2649 Hoc
390 2590 567 2649 vocabulum
593 2591 630 2650 de
656 2607 743 2651 cursu
769 2600 799 2650 et
825 2591 923 2666 spatio
948 2591 1089 2666 temporis
1112 2597 1284 2664 usurpatum

36 2685 198 2770 Vellejo'in
217 2689 327 2751 deliciis
344 2699 397 2762 est,
417 2691 453 2749 cl.
473 2707 496 2761 1,
515 2690 544 2762 6,
561 2707 594 2765 4;
616 2710 637 2762 1,
656 2706 681 2768 7,
700 2709 729 2763 2;
751 2708 771 2763 1,
792 2707 835 2767 15,
855 2707 886 2767 3;
905 2707 931 2762 2,
948 2709 976 2768 9,
996 2707 1023 2761 1;
1042 2707 1067 2761 2,
1087 2706 1133 2761 ιο,
1151 2707 1179 2760 2;
1199 2707 1224 2761 2,
1243 2690 1287 2766 78,

38 2810 63 2863 1;
86 2810 111 2863 2,
129 2809 177 2868 94,
198 2799 218 2850 s
233 2789 309 2866 (Val.
326 2791 417 2862 Max,
435 2791 509 2850 Plin.
528 2793 605 2870 maj,
623 2793 706 2863 Τ22.,
725 2793 783 2851 vid.
801 2792 944 2856 Boettich.
966 2793 1049 2852 lexic.
1068 2793 1144 2851 Tac.
1163 2812 1192 2869 p.
1211 2791 1286 2868 462).

124 2894 233 2952 Umbra
246 2892 398 2952 translate
416 2892 519 2951 dicitur
541 2911 595 2968 pro
617 2894 822 2969 obscuratione,
843 2896 952 2951 silentio
975 2909 1004 2963 2,
1028 2893 1079 2963 68,
1106 2911 1131 2968 1,
1153 2893 1200 2951 cui
1221 2894 1288 2953 loco

38 2997 177 3071 optimam
195 2995 442 3070 interpretationis
460 2995 545 3080 quasi
563 2994 739 3068 medicinam
757 2994 896 3070 praebuit·
910 2995 948 3052 D.
961 2994 1165 3060 Ruhnkenius.
1188 2994 1287 3053 Verba
1352 3037 1357 3046 .

38 3107 105 3158 sunt
131 3098 248 3175 Velleji:
284 3113 381 3174 neque
407 3099 484 3156 enlm
515 3115 642 3173 persona
669 3098 806 3156 umbram
833 3105 919 3156 actae
946 3098 987 3155 rei
1018 3097 1110 3171 capit,
1142 3114 1219 3172 quae
1246 3098 1286 3155 ita

41 3184 238 3259 Ruhnlrenius¹
255 3199 474 3275 interpretatur:
497 3197 575 3279 ,Non
597 3199 663 3258 talis
686 3207 731 3258 est
753 3216 880 3276 persona
902 3197 1034 3268 Coelius,
1057 3205 1089 3256 ut
1111 3197 1201 3255 taceri
1224 3198 1285 3273 ejus

41 3309 105 3360 acta
127 3301 251 3376 possint;
274 3301 379 3358 umbra
402 3301 448 3358 hic
471 3307 516 3359 est
537 3299 889 3370 obscuratio,'silentium
912 3299 950 3358 de
970 3299 1033 3373 illo,
1055 3315 1116 3356 non
1138 3299 1218 3374 capit
1240 3306 1284 3355 est

41 3419 105 3478 pro:
126 3419 184 3461 non
201 3403 296 3478 capax
314 3410 366 3472 est,
389 3419 449 3461 non
467 3402 586 3476 patitur.
622 3401 703 3460 Rara
724 3399 864 3476 loquendi
886 3399 989 3469 forma,
1012 3399 1093 3476 cujus
1116 3398 1285 3474 exemplum

41 3521 94 3562 nec
113 3504 173 3578 ipse
193 3504 287 3578 reperi
308 3519 364 3560 nec
386 3502 511 3566 abaliis
534 3510 682 3578 repertum
704 3502 784 3572 scio}

128 3603 304 3662 Vexr'llarr'us
330 3602 410 3679 apud
431 3603 558 3672 Livium,
585 3604 635 3678 qui
661 3604 772 3678 primus
799 3602 856 3662 hac
882 3619 954 3660 voce
981 3618 1050 3660 usus
1078 3610 1130 3660 est¹
1145 3602 1177 3670 8,
1200 3600 1230 3671 8,
1254 3601 1281 3675 4,

42 3725 106 3764 eum
132 3705 285 3778 significat,
313 3705 363 3780 qui
389 3706 529 3762 uexillum
543 3706 617 3782 sert
640 3700 727 3779 (adde
750 3703 824 3764 Τ22.
846 3704 911 3762 hist.
935 3720 960 3773 1,
983 3701 1038 3779 41).
1080 3703 1136 3762 Per
1157 3704 1283 3764 transla-

43 3805 246 3881 tionem-apud
269 3805 414 3884 Vellejum
437 3807 564 3882 primum
586 3813 616 3865 et
629 3806 754 3890 'saepius
776 3804 856 3882 apud
878 3805 1018 3890 Tacitum
1040 3806 1197 3862 vexillarii
1216 3812 1284 3864 sunt

43 3909 141 3968 milites
161 3907 289 3966 veterani
311 3905 379 3966 inde
401 3909 441 3966 ab
459 3907 586 3982 Augusti
607 3908 797 3984 temporibus,
819 3908 869 3984 qui
887 3906 1037 3981 stipendiis
1055 3907 1113 3964 XX
1137 3907 1282 3966 annorum

45 4009 121 4068 lactis
138 4026 171 4066 ex
184 4007 352 4082 legionibus
367 4008 452 4070 electi
465 4008 529 4068 aliis
541 4008 786 4086 adjungebantur,
804 4016 837 4067 ut
850 4025 896 4067 res
911 4007 1088 4082 postulabat,
1108 4009 1282 4084 quibuscum

45 4109 206 4170 militabant
253 4106 358 4185 Neque
384 4108 480 4168 solum
507 4109 637 4168 veterani
665 4117 761 4179 erant,
794 4109 845 4168 sed
873 4110 963 4168 etiam
989 4108 1137 4167 interdum
1164 4111 1280 4180 tirones

44 4211 188 4287 2111112111,
219 4210 344 4285 equites,
375 4211 426 4285 qui
452 4211 490 4272 11,
510 4210 689 4284 singularem
715 4210 847 4269 ordinem
876 4209 1042 4285 compositi
1057 4209 1155 4286 aliquo
1187 4213 1283 4271 mitte·

47 4311 151 4370 bantur.
171 4309 321 4369 Vexillarii
339 4319 438 4370 autem
455 4311 691 4387 appellabantur,
710 4311 781 4387 quia
798 4311 956 4388 separatim
974 4329 993 4369 a
1011 4311 1160 4385 legionum
1179 4311 1282 4389 aquilis

47 4413 96 4470 sub
113 4411 229 4488 propriis
248 4411 358 4471 vexillis
376 4413 505 4472 stabant.
536 4412 581 4471 Ci.
600 4411 742 4472 Boettich.
759 4413 843 4472 lexic.
862 4411 958 4472 Tacit.
977 4430 1006 4486 p.
1025 4411 1092 4487 489,
1111 4412 1162 4470 ubi
1179 4430 1282 4472 omnes
