3086 5118
561 291 801 381 '-41.-

63 498 230 568 tamquam
253 491 283 550 in
309 509 412 551 omnes
438 510 553 570 semper
576 503 711 554 venturus
735 495 773 554 ab
798 493 935 553 omnibus
957 491 1122 550 timebatur.
1167 491 1211 551 Cf.
1236 493 1326 568 Verg.

63 592 151 652 Aen.
170 609 195 662 2,
219 601 270 668 47:
293 593 430 653 machina
453 596 621 672 inspectura
643 595 747 655 domos
769 602 950 670 venturaque
972 593 1098 669 desuper
1119 594 1192 652 urbi.

169 710 318 770 Vr'ndr'care
340 730 371 774 se
394 713 432 772 ab
455 713 523 789 alqo
545 712 651 773 eadem
672 713 700 772 vi
722 712 837 782 dicitur,
869 731 929 790 qua
958 730 990 772 se
1013 714 1114 771 ulcisci
1141 713 1180 771 ab
1207 712 1275 790 alqo
1304 730 1326 784 1,

67 831 96 884 1,
118 830 150 889 3:
174 814 245 890 quin
262 831 294 872 se
311 815 401 874 etiam
422 832 442 872 a
459 813 578 892 Pyrrho,
593 793 712 874 Achillis
729 813 796 885 lilio,
815 815 920 874 virtute
937 813 1100 872 vindicavit.
1132 813 1177 873 Cf.
1199 815 1266 874 Sen.
1290 797 1339 874 de'

65 915 163 974 clem.
189 934 211 985 1,
234 931 262 991 9,
285 929 316 990 33
340 932 362 986 1,
384 932 425 985 21,
449 932 481 990 4;
505 916 543 976 de
564 918 631 976 ben.
653 916 680 986 6,
703 932 728 992 5,
752 934 781 989 4.
804 947 844 960 -
867 933 900 976 se
927 915 1075 1001 vindicare
1098 915 1135 975 de
1157 915 1226 992 alqo
1248 917 1328 975 inve·

66 1017 154 1075 nitur
176 1017 250 1076 Plin.
273 1036 319 1093 ep.
342 1033 370 1090 4,
396 1035 434 1087 11,
459 1033 551 1090 14.-

165 1134 335 1195 Nonnulla
356 1137 447 1195 etiam
470 1138 559 1196 verba
581 1155 741 1213 eorumque
763 1137 989 1213 significationes
1007 1136 1136 1214 Vellejus
1157 1154 1177 1194 a
1198 1138 1329 1213 superio-

67 1237 155 1297 ribus
174 1239 266 1314 poetis
290 1237 458 1314 desumpsit.
499 1239 573 1298 Sunt
594 1241 668 1300 haec
690 1240 765 1300 fere:

163 1358 329 1415 Assuescere
351 1375 405 1434 pro
422 1376 459 1417 eo
481 1357 593 1429 dicitur,
612 1358 692 1435 quod
713 1358 793 1435 apud
811 1359 938 1434 optimos
956 1358 1110 1434 scriptores
1128 1366 1172 1416 est
1192 1359 1328 1436 assuefa-

66 1478 135 1515 cere
163 1475 192 1528 2,
220 1474 270 1536 79,
300 1476 326 1518 1:
358 1460 560 1520 contrahendo
591 1461 674 1518 militi
705 1478 742 1519 ac
763 1461 867 1535 remigi
897 1459 1106 1536 navalibusque
1128 1459 1326 1518 assuescendo

67 1556 182 1636 (suppl.
204 1560 327 1620 militem
353 1579 389 1621 ac
411 1562 564 1636 remigem)
590 1563 799 1621 certaminibus
821 1574 909 1638 atque
936 1561 1191 1620 exercitationibus
1213 1558 1299 1636 praes
1314 1589 1327 1602 -

70 1669 142 1719 ctus
169 1668 215 1720 est
240 1660 282 1720 M.
308 1663 440 1739 Agrippa
470 1662 553 1736 (Hor.
581 1681 667 1722 serm.
693 1679 722 1734 2,
749 1680 778 1734 2,
808 1679 873 1739 ιο9;
903 1663 1014 1722 Lucan.
1037 1678 1067 1738 5,
1095 1663 1162 1739 776;
1194 1662 1271 1722 Flor.
1298 1679 1326 1735 4.

68 1779 115 1833 12,
141 1761 201 1840 45).

160 1866 319 1924 Autumare
346 1883 407 1925 non
428 1867 525 1926 solum
547 1885 600 1942 pro
622 1869 792 1936 aestimare,
819 1885 938 1927 censere
962 1867 1077 1936 dicitur,
1100 1885 1160 1943 qua
1182 1867 1327 1942 significa·

66 1968 157 2024 tione
183 1974 278 2025 exstat
304 1967 383 2043 apud
405 1967 541 2026 Plautum
568 1967 800 2045 Terentiumque
828 1976 858 2027 et
880 1977 1000 2044 poetam
1027 1969 1106 2044 apud
1128 1967 1188 2027 Cic.
1215 1985 1257 2026 or.
1279 1983 1327 2042 49,

70 2067 133 2126 166
153 2074 182 2127 et
204 2075 264 2144 top.
285 2084 325 2142 13,
344 2083 386 2144 55,
405 2069 457 2128 sed
480 2071 569 2127 ctiam
592 2087 645 2144 pro
662 2071 761 2139 dicere,
784 2073 932 2128 nomr‘nare
951 2077 1090 2146 sequente
1112 2068 1219 2145 duplici
1241 2087 1328 2128 accu-

70 2171 173 2228 sativo
198 2168 273 2228 Vell.
298 2186 323 2240 1,
347 2168 379 2241 6,
402 2188 434 2243 4:
462 2161 560 2248 quam·
579 2171 700 2247 quidam
722 2170 800 2229 Dido
827 2179 982 2232 autumant
1007 2167 1053 2244 (ci.
1080 2170 1198 2228 Ruhnlr.
1219 2169 1258 2229 ad
1285 2170 1328 2228 lo·

68 2271 166 2346 cum),
194 2272 273 2331 velut
298 2271 372 2330 Hor.
400 2290 487 2331 serm.
509 2289 538 2343 2,
561 2289 592 2348 5,
615 2288 668 2345 44:
695 2289 782 2348 quem
810 2274 945 2334 insanum
967 2272 1118 2350 Chrysippi
1144 2273 1272 2346 porticus
1299 2282 1328 2332 et

74 2391 153 2448 grex
188 2381 323 2432 autumat
354 2373 426 2443 ,den
457 2381 545 2432 nerent
573 2374 624 2432 des
651 2363 829 2450 Chrysippus
855 2369 935 2434 Hall'
961 2393 989 2433 u.
1017 2374 1182 2434 Gemeinde
1207 2373 1328 2449 unklug‘

70 2473 245 2552 (Kirchner).
287 2475 344 2534 Alii
372 2474 430 2534 hoc
461 2476 704 2550 locoautumare
726 2495 780 2552 pro
811 2494 932 2536 censere
962 2476 1122 2551 accipiunt;
1154 2474 1206 2535 sed
1237 2476 1325 2536 etiam

73 2576 301 2637 Commentator
323 2576 509 2655 Cruquianus
531 2596 585 2654 pro
608 2578 714 2649 dicere,
738 2580 893 2638 nominare
914 2581 1128 2654 interpretatur.

116 2701 118 2704 '
165 2695 392 2768 Cr‘rcumvolare,
424 2714 483 2773 quo
514 2697 659 2756 vocabulo
689 2705 797 2774 poetae
828 2696 941 2756 classici
968 2696 1086 2772 propria
1116 2695 1329 2770 significatione

76 2815 170 2874 saepe
191 2807 320 2867 utuntur,
344 2816 396 2874 per
418 2799 641 2858 translationem
664 2817 683 2856 a
704 2798 818 2876 Vellejo
840 2798 934 2873 primo
957 2797 1032 2855 inter
1054 2797 1140 2856 solut.
1163 2805 1236 2856 orat.
1259 2798 1330 2857 scri·
1387 2873 1397 2880 ξ

73 2906 174 2976 ptores
196 2907 352 2976 usurpatur
374 2917 428 2975 pro
446 2902 572 2958 celeriter
595 2902 755 2970 circumire,
774 2899 949 2958 circumuehi
967 2915 992 2970 2,
1014 2913 1057 2974 27,
1079 2915 1109 2958 2:
1132 2917 1169 2960 eo
1190 2898 1250 2971 die,
1269 2917 1329 2976 quo

77 3001 291 3060 circumvolans
314 3001 430 3061 ordines
458 3002 601 3061 exercitus
624 3003 669 3062 sui
696 3002 799 3062 adesse
821 3002 963 3061 Romanis
990 3001 1125 3060 ultimum
1151 3001 1229 3061 diem
1251 3002 1329 3060 voci·

76 3101 236 3161 fetabatur.
272 3101 360 3178 Apud
381 3102 580 3162 Columellam
600 3099 634 3178 (1.
656 3103 748 3179 prael.
771 3099 791 3178 ᾗ
813 3101 842 3180 9)
863 3111 892 3162 et
908 3102 1053 3162 Senecam
1075 3099 1122 3178 (de
1143 3103 1187 3161 ira
1210 3119 1235 3174 2,
1255 3120 1283 3181 9,
1302 3101 1329 3179 5)

78 3203 185 3264 eadem
208 3205 352 3264 sententia
374 3205 495 3262 verbum
517 3204 751 3264 circumvolitare
772 3213 876 3264 exstat.

165 3321 274 3383 Collrilr‘
295 3325 456 3401 praeeunte
477 3323 605 3383 Horatio
631 3321 722 3401 (epist.
747 3341 773 3393 1,
796 3339 825 3394 2,
849 3323 875 3400 7)
896 3325 1014 3400 ponitur
1036 3341 1089 3400 pro
1111 3326 1259 3393 drinr'care,
1282 3325 1328 3381 de·

75 3431 186 3484 certare
207 3442 236 3496 2,
260 3441 311 3502 52,
334 3443 365 3502 3:
392 3425 494 3485 collisa
520 3427 595 3485 inter
617 3444 649 3484 se
674 3425 852 3502 reipublicae
879 3426 977 3500 capita
998 3432 1042 3483 tot
1068 3425 1202 3500 talesque
1223 3441 1328 3484 caesos

76 3527 153 3585 viros
176 3546 236 3586 non
258 3528 359 3603 recipit
381 3528 546 3586 enarrando
569 3527 615 3586 hic
634 3527 795 3603 scripturae
812 3526 931 3596 modus3
954 3524 991 3585 cl.
1009 3527 1080 3586 Stat.
1103 3525 1198 3588 Theb.
1217 3525 1243 3597 ὁ,
1263 3542 1327 3602 435.

77 3628 241 3704 Comparat
258 3628 450 3689 Ruhnkenius
472 3629 510 3687 ad
532 3630 630 3687 locum
649 3636 781 3687 nostrum
799 3627 948 3688 Graecum
967 3620 1157 3710 συγκρούειν
1181 3636 1211 3687 et
1233 3637 1327 3688 meta·

78 3728 215 3805 phoram,
243 3733 282 3790 ob
303 3731 475 3808 adjunctum
498 3731 609 3808 capita,
636 3730 756 3789 ductam
779 3747 843 3788 esse
865 3737 950 3806 putat
972 3730 1010 3788 ab
1034 3729 1221 3800 animalibus,
1250 3748 1328 3806 quac

78 3837 180 3889 mutuo
203 3843 346 3892 concursu
368 3833 465 3908 capita
491 3830 641 3891 collidunt.
686 3829 907 3890 Observabatur
934 3829 1058 3889 fortasse
1080 3832 1206 3890 auctoris
1229 3832 1327 3891 animo

77 3933 160 3992 locus
181 3935 229 3995 ille
251 3935 341 4009 Verg.
362 3934 435 3992 Aen.
460 3950 499 4005 12,
522 3946 571 4009 715
592 3950 656 4008 sqq.
778 3927 779 3932 ’

169 4053 345 4130 Compescere
366 4070 396 4122 2,
421 4071 464 4125 12,
488 4053 521 4112 6:
548 4070 608 4112 non
634 4061 735 4110 tamen
762 4051 890 4110 furorem
969 4048 1072 4108 consul
1099 4051 1188 4110 armis
1210 4069 1326 4129 compe·

78 4156 162 4215 scuit.
205 4156 275 4214 Hoc
297 4155 471 4218 vocabulum
488 4155 593 4214 Plauto
615 4161 645 4211 et
667 4169 758 4211 aurea
780 4159 878 4212 aetate
900 4152 995 4228 poetis
1016 4151 1157 4209 usitatum
1176 4153 1238 4230 J'am
1259 4155 1328 4214 inde

79 4275 99 4315 a
119 4257 234 4336 Vellejo
257 4257 434 4333 frequentari
456 4264 594 4332 coeptum
617 4265 662 4314 est
682 4252 764 4332 (Col,
786 4255 853 4314 Son.
871 4254 949 4332 phil,
972 4253 1045 4312 Plin.
1067 4254 1146 4331 maj,
1169 4248 1293 4331 poster).

163 4360 278 4428 Derim
299 4365 460 4435 praeeunte
481 4357 613 4432 Vergilio
634 4355 716 4432 (Aen.
737 4373 775 4427 11,
792 4373 842 4433 59:
865 4358 939 4416 haec
956 4358 1005 4416 ubi
1023 4351 1150 4433 deflevit)
1172 4375 1190 4416 a
1213 4357 1327 4435 Vellejo

79 4459 185 4520 eadem
202 4461 230 4518 vi
251 4460 375 4537 ponitur,
394 4477 453 4536 qua
471 4478 612 4517 enarrare
634 4477 695 4516 cunr
713 4461 821 4518 doloris
842 4479 926 4518 sensu
943 4475 968 4530 2,
989 4475 1047 4534 119,
1067 4476 1093 4517 1:
1117 4477 1195 4519 nunc
1212 4477 1328 4518 summa
