3086 5118
740 327 948 383 „44-

217 495 403 564 effervescat;
423 513 474 570 per
496 495 717 554 translationem
735 497 852 571 ponitur
875 496 1019 566 debello,
1042 497 1122 574 quod
1139 498 1227 556 maris
1248 499 1341 556 instar
1368 499 1489 557 sensim

216 596 405 657 clandestinis
429 596 555 655 motibus
578 603 606 654 et
629 597 754 655 consiliis
773 614 932 672 exsurgens
954 599 1051 657 subito
1069 599 1224 658 occasione
1246 599 1316 659 data
1338 599 1488 658 exardet.

217 697 293 758 Vell.
317 715 341 768 2,
367 714 405 774 15,
431 715 456 756 1:
484 716 563 756 mors
585 697 674 756 Drusi
693 699 755 774 jam
778 699 893 775 pridem
920 708 1088 760 tumescens
1116 699 1226 760 bellum
1248 701 1397 760 excitavit
1423 700 1489 760 Ita·

193 801 313 866 licum.
350 801 395 860 Cf.
419 801 509 874 Verg.
532 817 634 874 georg.
659 816 680 869 1,
703 800 774 875 465:
797 819 887 876 saepe
909 810 1009 861 monet
1031 800 1223 879 fraudemque
1245 809 1274 861 et
1296 811 1414 878 operta
1440 810 1489 860 tu·

216 919 349 962 mescere
371 901 457 960 bella.
481 931 520 942 -·

304 1019 372 1079 Non
394 1020 476 1079 nulla
503 1019 627 1097 denique
654 1023 756 1091 verba,
779 1040 856 1098 quae
880 1023 942 1099 jam
969 1021 1048 1097 apud
1070 1024 1233 1098 superiores
1259 1024 1429 1099 scriptores
1459 1025 1489 1080 in

216 1124 317 1200 primis
345 1123 424 1199 apud
446 1123 612 1182 Sallustium
639 1130 669 1182 et
689 1124 804 1182 Livium
831 1123 934 1182 iisdem
962 1125 1233 1199 significationibus,
1262 1126 1371 1202 quibus
1399 1124 1487 1200 apud

217 1225 366 1302 Vellejum
389 1225 583 1294 inveniuntur,
611 1224 663 1283 sed
682 1225 760 1312 apud
787 1224 852 1284 illos
874 1226 1028 1301 scriptores
1051 1228 1161 1285 rariora
1183 1235 1263 1299 sunt,
1286 1245 1347 1285 non
1373 1227 1487 1302 putavi

218 1327 345 1385 alienum
364 1346 428 1386 esse
450 1328 562 1387 afferre.
605 1326 681 1385 Cum
704 1345 772 1385 vero
794 1328 855 1404 ejus
877 1329 991 1402 generis
1018 1329 1106 1388 verba
1133 1329 1212 1404 apud
1235 1328 1389 1406 Vellejum
1414 1345 1485 1403 per·

215 1429 313 1487 multa
331 1431 400 1501 sint,
429 1447 549 1488 necesse
572 1428 624 1487 luit
644 1427 752 1504 judicio
775 1427 904 1504 quodam
925 1429 954 1487 in
981 1429 1014 1488 iis
1036 1428 1192 1490 afferendis
1218 1431 1261 1488 uti
1287 1431 1484 1506 modumque

217 1537 326 1599 tenere,
349 1530 430 1607 quod
451 1548 523 1589 num
545 1547 660 1616 semper
682 1530 753 1587 mihi
771 1529 933 1605 contigerit,
956 1529 1004 1589 alii
1024 1531 1162 1607 judicent.
1196 1521 1199 1525 ¹

301 1650 419 1709 Abolere
440 1650 458 1707 i.
481 1667 503 1707 s.
526 1668 554 1725 q.
577 1651 685 1718 tollere,
712 1652 911 1724 exstinguere,
934 1651 1024 1707 delere
1046 1667 1071 1720 2,
1093 1649 1137 1724 58,
1161 1667 1190 1708 2:
1217 1667 1284 1708 cum
1307 1650 1482 1708 censuisset

214 1749 334 1810 Cassius
349 1758 563 1834 testamentum
586 1749 721 1809 Caesaris
743 1750 922 1826 abolendum
943 1746 1053 1826 (Verg.‚
1076 1751 1147 1822 Liv,
1170 1746 1295 1829 poster).

301 1869 451 1928 Abscriicre
477 1887 528 1945 per
555 1868 776 1927 translationem
804 1869 908 1928 dicitur
933 1887 987 1946 pro
1014 1871 1138 1948 auferre
1163 1887 1188 1942 2,
1217 1870 1265 1941 66,
1293 1887 1323 1928 2:
1350 1871 1478 1930 abscisa

133 1968 136 1976 ⁴
216 1972 330 2032 scelere
347 1973 461 2031 'Antoni
483 1989 539 2030 vox
561 1970 677 2047 publica
700 1967 781 2048 (Liv,
806 1967 896 2047 Tac).

301 2079 466 2150 Adhaerere
494 2092 570 2150 alcui
592 2091 733 2150 translate
752 2090 854 2149 dicitur
876 2109 929 2167 pro
951 2093 1129 2169 conjunctum
1152 2110 1209 2148 csse
1235 2110 1295 2149 cum
1319 2093 1402 2166 alqo,
1434 2109 1481 2148 co·

215 2196 325 2252 metari
344 2197 433 2270 alqm,
464 2212 524 2270 quo
553 2212 640 2253 sensu
663 2193 799 2268 frequens
826 2201 870 2252 est
896 2193 1018 2273 simplex
1045 2193 1166 2270 verbum
1187 2190 1308 2252 haerere
1337 2209 1357 2261 1,
1383 2210 1415 2269 9,
1443 2189 1477 2248 6:

202 2294 327 2354 invidia
351 2296 495 2355 altissimis
527 2296 675 2355 adhaeret.
720 2293 765 2353 cl.
787 2294 849 2353 Liv.
872 2312 915 2368 41,
943 2311 989 2364 20,
1009 2311 1037 2352 2:
1074 2294 1144 2352 nulli
1164 2294 1302 2353 -iortunae
1325 2295 1477 2354 adhaere·

220 2397 271 2454 bat
294 2398 421 2476 animus3
443 2397 515 2455 Plin.
537 2395 565 2454 h.
588 2415 616 2454 n.
642 2412 685 2468 10,
703 2413 736 2454 22
759 2394 824 2474 (26),
844 2412 889 2471 51:
912 2416 997 2456 anser
1015 2413 1114 2455 comes
1136 2405 1276 2473 perpetuo
1298 2397 1479 2456 adhaesisse

217 2497 327 2572 Lacydi
346 2498 518 2574 philosopho
541 2495 653 2556 dicitur.

303 2611 469 2673 Adolesc'ere
489 2616 549 2692 J‘am
565 2614 636 2704 inde
659 2631 677 2671 a
695 2613 830 2673 Sallustio
852 2621 882 2672 et
904 2613 984 2697 Livio
1011 2616 1126 2691 saepius
1152 2615 1294 2674 translata
1322 2616 1475 2690 significa·

216 2715 297 2774 tione
315 2725 471 2793 usurpatur
494 2733 518 2788 2,
542 2733 601 2786 110,
621 2733 650 2775 2:
673 2716 826 2774 Pannonia
850 2715 978 2776 insolens
1000 2716 1110 2790 longae
1127 2719 1207 2793 pacis
1229 2724 1259 2776 et
1281 2716 1382 2777 adulta
1407 2717 1476 2775 viri-

159 2803 162 2806 ’
217 2818 271 2876 bus
298 2814 345 2895 (cf.
368 2818 501 2877 Eoettich.
525 2819 606 2877 lexic.
628 2813 724 2876 Tacit
746 2836 774 2893 p.
798 2813 851 2891 42).

302 2937 455 2996 Adornare
477 2929 618 2998 translate
639 2938 756 3012 ponitur
777 2953 802 3007 2,
826 2953 850 3006 2,
874 2953 902 2997 2:
930 2938 1018 2996 tantis
1041 2917 1200 2996 adornatus
1222 2937 1372 2997 virtutibus
1396 2937 1472 3014 (Liv.

216 3036 260 3107 28,
287 3054 331 3111 42,
355 3055 385 3114 5;
409 3037 519 3111 Quint,
537 3039 620 3108 Tac,
643 3039 715 3096 Plin.
738 3037 802 3114 ep).

301 3141 443 3216 Affccmre
465 3158 518 3217 pro
541 3141 598 3200 sibi
617 3142 767 3198 conciliare
793 3141 903 3198 studere
926 3140 1041 3215 ponitur
1059 3156 1083 3210 2,
1107 3155 1199 3215 39,1:
1223 3138 1337 3199 Gallias
1355 3155 1471 3215 magna

215 3244 302 3302 clade
324 3252 425 3304 nostra
450 3263 539 3320 saepe
565 3253 595 3304 et
621 3243 821 3301 affectavimus
847 3249 877 3300 et
899 3228 1048 3300 omisimus
1074 3239 1152 3316 (Sall.
1175 3242 1241 3320 Jug.
1266 3240 1313 3312 66,
1338 3256 1363 3309 1;
1392 3242 1469 3300 Tac.

216 3345 280 3404 hist.
306 3361 334 3418 4,
359 3345 415 3423 66).
1250 3340 1259 3353 ’“

300 3448 395 3524 Agere
412 3449 563 3507 consulem
581 3464 606 3516 2,
625 3462 670 3522 92,
688 3462 716 3514 2;
737 3461 826 3521 agere
843 3445 993 3504 aemulum
1015 3461 1039 3514 2,
1064 3461 1128 3520 109,
1148 3461 1177 3514 23
1195 3445 1291 3524 potius
1310 3445 1467 3520 aequalem

214 3551 308 3608 civem
331 3568 422 3627 quam
444 3551 620 3609 eminentem
647 3549 808 3624 principem
836 3565 925 3622 agere
951 3563 977 3616 2,
1002 3563 1061 3620 124,
1085 3563 1114 3617 2;
1141 3547 1249 3606 locutio
1272 3564 1331 3604 non
1353 3547 1468 3622 optima

217 3651 336 3726 quidem
358 3651 415 3721 illa,
440 3651 492 3709 sed
516 3653 577 3728 jam
603 3651 671 3708 inde
697 3667 715 3707 a
738 3651 819 3709 Livio
846 3666 901 3707 usu
927 3655 1046 3724 recepta
1068 3657 1111 3708 est
1133 3667 1186 3724 pro
1212 3666 1257 3718 eo,
1284 3647 1364 3724 quod
1386 3643 1466 3723 apud

216 3751 389 3812 Ciceronem
412 3751 529 3810 dicitur:
552 3760 648 3827 partes
671 3751 741 3828 alcjs
763 3768 861 3825 agere,
885 3751 1013 3826 speciem
1040 3751 1110 3826 alcjs
1136 3767 1207 3825 prae
1233 3768 1264 3808 se
1288 3749 1373 3808 ferre.
1418 3745 1465 3808 cf.

216 3853 478 3930 Krebs·Allgayer,
488 3854 641 3912 Antibarb.
654 3853 700 3912 ed.¹
711 3854 748 3911 V.
762 3872 790 3928 p.
807 3868 870 3926 109.
894 3855 991 3927 Agere
1005 3852 1134 3922 exulem,
1149 3851 1412 3928 quodAllgayerus
1426 3869 1463 3909 ex

215 3956 329 4033 Vellejo
351 3954 444 4024 affert,
469 3953 547 4030 apud
570 3954 651 4012 illum
674 3973 735 4013 non
755 3955 906 4012 invenitur.
930 3984 970 3995 -
989 3957 1087 4028 Agere
1105 3954 1234 4011 medium
1253 3941 1391 4031 sequente
1409 3953 1463 4011 du·

213 4058 280 4134 plici
303 4058 431 4133 genitivo
456 4072 481 4126 2,
506 4071 563 4128 114,
586 4071 617 4130 3:
641 4056 807 4132 agebatque
824 4054 957 4122 ,medium
979 4056 1104 4131 plurima
1127 4055 1341 4132 dissimulantis,
1363 4056 1460 4128 aliqua

214 4160 378 4218 inhibentis.
400 4159 554 4234 -Agere
577 4161 651 4232 alqm
670 4177 749 4216 reum
773 4176 826 4233 pro
844 4175 889 4227 eo,
912 4156 991 4233 quod
1014 4157 1092 4232 apud
1111 4156 1282 4216 Ciceronem
1305 4165 1348 4216 est
1366 4156 1459 4214 iacere

215 4251 295 4340 alqrn
317 4279 400 4320 reum
422 4277 447 4332 2,
466 4278 512 4338 45,
532 4278 557 4319 1:
581 4269 662 4319 actus
680 4260 782 4319 incesti
801 4279 876 4319 reus.
913 4259 958 4318 Cf.
978 4257 1061 4319 Ovid.
1080 4268 1149 4318 met.
1169 4275 1208 4335 15,
1226 4258 1276 4340 gd:
1299 4265 1460 4335 spreturum

214 4365 311 4440 agitur
338 4364 437 4440 legum
459 4380 540 4433 reus;
571 4363 632 4421 Liv.
656 4378 700 4438 45,
729 4377 772 4438 37,
800 4361 831 4420 8:
862 4361 941 4438 apud
963 4362 1129 4420 contionem
1156 4361 1234 4436 prius
1257 4378 1323 4418 reus
1346 4367 1457 4436 agatur,

212 4467 251 4526 ci.
274 4465 434 4534 Weissenb.
462 4464 500 4524 ad
527 4465 587 4524 Liv.
614 4481 662 4539 24,
691 4480 737 4540 25,
767 4481 789 4522 1.
814 4493 851 4506 -
881 4461 970 4535 Quod
989 4463 1171 4538 participium
1194 4465 1296 4532 ‚actus‘
1318 4460 1457 4528 amultis
