3086 5118
624 325 828 383 -43-
911 313 1029 414 ss*

102 499 246 573 praenitet
267 493 341 572 (Seu.
365 495 445 555 Med.
469 491 526 572 94).
572 495 702 556 Omnino
732 495 861 563 verbum,
889 494 968 570 quod
990 501 1034 554 est
1058 497 1155 571 mirre,
1178 495 1291 572 Vellejo
1316 495 1355 554 in'

100 598 209 657 deliciis
232 606 284 659 est.
320 597 364 657 Cf.
388 614 410 668 1,
435 611 474 674 17,
499 614 525 656 1:
548 597 649 657 dulces
671 597 794 656 facetiae
816 614 868 671 per
886 595 1058 655 Terentium
1081 605 1108 655 et
1130 595 1284 656 Afranium
1301 596 1346 655 ni·

100 707 229 769 tuerunt;
252 716 278 770 2,
300 716 327 776 q,
352 717 378 758 1:
400 701 548 759 nituerunt
571 708 712 760 oratores.
755 698 802 758 De
824 699 987 768 vocabulis,
1011 716 1089 774 quae
1111 698 1223 776 Vellejo
1246 699 1349 758 inde·

103 802 174 862 liciis
197 809 272 872 sunt,
296 801 431 862 conferas
454 801 573 878 Sauppe
594 820 622 877 p.
647 801 697 876 176
720 818 783 877 sqq.

192 903 362 975 Quaerriare
388 903 507 962 verbum
540 903 634 979 poetis
665 902 860 979 superioribus
890 901 996 960 Plauto
1026 908 1055 961 et
1084 900 1224 962 Terentio
1249 900 1349 977 (semel

101 1006 182 1082 apud
205 1004 310 1064 Catuli
336 1019 383 1082 55,
411 1003 456 1080 32)
482 1003 747 1084 frequentissimum
773 1004 846 1062 inter
874 1003 958 1062 solut.
987 1011 1060 1064 orat.
1089 1003 1243 1079 scriptores
1270 989 1350 1080 apud

100 1099 227 1182 primum
250 1105 396 1184 Vellejum
424 1104 536 1164 videtur
559 1113 673 1186 enstare
698 1122 724 1175 1,
747 1121 779 1177 4,
803 1120 834 1179 3:
865 1115 977 1180 magna
1003 1121 1072 1180 pars
1094 1103 1241 1166 Graeciae
1267 1106 1350 1166 sedes
1419 1127 1423 1144 =

99 1209 278 1284 quaeritans.
332 1207 502 1292 Quaeritore
531 1208 672 1284 'sequente
703 1206 845 1282 particula
875 1226 913 1263 an
944 1207 1042 1266 Amm.
1074 1206 1168 1266 Marc.
1202 1225 1248 1282 14,
1276 1222 1306 1284 7,
1334 1223 1350 1282 7

98 1306 195 1384 (Adde
217 1310 299 1368 locos
321 1310 411 1368 ambo
432 1309 515 1366 lexic.
538 1308 652 1367 Latinis
675 1314 704 1367 et
725 1308 841 1366 Krebsii
863 1307 1078 1384 Antibarbarol.

167 1429 169 1433 ·
192 1411 312 1483 Quaiere
339 1411 472 1470 animum
493 1418 649 1487 poetarum
675 1428 758 1470 more
781 1411 884 1470 dicitur
907 1429 960 1487 pro
982 1430 1160 1481 commouere,
1178 1411 1353 1487 perturbare

100 1527 126 1582 2,
152 1527 210 1583 110,
234 1510 266 1570 6:
288 1513 358 1588 quin
381 1509 480 1571 tantus
502 1511 569 1570 belli
591 1520 688 1571 motus
711 1511 773 1583 fuit,
796 1520 828 1570 ut
846 1511 981 1572 Caesaris
1003 1512 1134 1572 animum
1151 1519 1286 1588 quateret
1307 1520 1351 1571 at·

100 1633 160 1692 que
178 1621 306 1673 terreret.
351 1612 395 1672 Cf.
418 1612 492 1671 Hor.
516 1613 563 1672 od.
589 1631 610 1683 1,
635 1612 677 1684 16,
701 1629 730 1689 5:
753 1622 874 1690 quatere
896 1615 1034 1673 mentem.
1070 1613 1156 1672 Adde
1178 1613 1239 1674 Cic.
1262 1613 1350 1672 Tusc.

101 1733 129 1791 3,
153 1715 180 1786 6,
205 1731 248 1774 12:
271 1723 315 1815 est
337 1722 443 1774 natura
465 1715 494 1774 in
517 1716 622 1774 animis
643 1718 778 1777 tenerum
808 1715 947 1793 quiddam
979 1722 1007 1774 et
1029 1715 1127 1787 molle,
1154 1714 1234 1793 quod
1256 1716 1351 1791 aegri·

103 1817 205 1877 tudine
228 1818 311 1894 quasi
333 1825 508 1892 tempestate
531 1817 687 1894 quatiatur.

188 1918 343 1978 Recensere
373 1919 580 1994 praeeuntibus
608 1917 713 1977 Ovidio
745 1926 774 1977 et
804 1919 934 1994 Vergilio
964 1917 994 1978 id
1020 1919 1172 1994 significat,
1204 1919 1284 1996 quod
1307 1928 1351 1978 est

104 2040 328 2092 commemorare,
342 2023 480 2097 persequi
494 2037 519 2092 2,
540 2038 597 2098 129,
623 2039 649 2080 1:
671 2021 723 2080 sed
746 2022 896 2098 proposita
917 2022 1000 2098 quasi
1018 2023 1153 2080 universa
1173 2021 1351 2097 principatus

104 2123 241 2182 Caesaris
263 2123 359 2182 forma
382 2123 498 2197 singula
519 2141 725 2183 recenseamus
747 2121 828 2198 (Plin.
851 2142 897 2199 ep.
920 2140 942 2191 1,
961 2122 986 2190 8,
1011 2139 1055 2198 15;
1078 2118 1206 2199 poster).

189 2225 334 2304 Refovere
356 2225 374 2283 i.
402 2243 424 2284 s.
451 2244 479 2303 q.
506 2226 621 2301 reficere
650 2241 676 2295 r,
707 2241 749 2300 15,
776 2242 807 2304 ¹1:
838 2225 912 2282 vires
939 2224 1115 2283 refovendae
1141 2223 1235 2299 magis
1262 2241 1376 2311 quam‘

103 2325 303 2403 spargendae:
333 2343 361 2398 2,
387 2344 446 2402 113,
470 2342 499 2385 2:
527 2326 565 2385 ad
591 2324 765 2403 refovendas
792 2345 828 2384 ex
854 2326 956 2385 itinere
977 2313 1072 2403 'vires
1108 2325 1252 2385 Refovere
1278 2326 1353 2383 vires

102 2429 179 2487 Tac.
202 2448 271 2488 ann.
296 2445 338 2500 12,
363 2427 410 2488 66.
453 2428 522 2487 Hoc
547 2429 724 2487 vocabulum
750 2436 904 2504 poetarum
931 2430 1080 2504 proprium
1107 2436 1257 2504 argentea,
1275 2445 1353 2503 quae

106 2537 238 2600 vocatur,
261 2539 360 2589 aetate
383 2531 560 2607 frequentari
582 2538 718 2606 coeptum
741 2537 786 2589 est
808 2527 890 2606 (Plin.
913 2548 969 2606 ep,
991 2531 1078 2616 Suet,
1102 2528 1167 2605 alii).

190 2630 354 2704 Reluctari,
382 2649 441 2708 quo
464 2633 551 2691 verbo
574 2632 692 2708 propria
718 2632 931 2707 significatione
953 2639 1060 2708 poetae
1086 2632 1197 2694 classici
1224 2638 1352 2699 utuntur,

104 2731 248 2792 translata
270 2742 426 2810 usurpatur
447 2749 476 2805 2,
501 2749 567 2805 102,
590 2749 622 2807 4:
650 2732 755 2792 deinde
782 2733 941 2792 reluctatus
967 2711 1130 2810 invitusque
1156 2740 1303 2793 revertens
1324 2733 1354 2789 in

104 2835 222 2893 Italiam
245 2833 364 2908 (Quint,
386 2835 458 2893 Plin.
480 2852 549 2911 pan.
572 2833 626 2905 60;
650 2829 750 2912 Curti.

191 2935 313 3012 Replere
327 2937 352 3012 i.
376 2953 400 3000 s.
423 2955 451 3013 q.
473 2956 613 3007 recreare,
635 2937 751 3012 reficere
773 2953 798 3007 2,
821 2934 874 3012 56,
891 2954 919 2996 1:
942 2937 1165 3014 elephantorum
1187 2937 1354 2996 certaminis

108 3038 282 3112 spectaculis
304 3038 424 3115 replevit
450 3055 516 3096 earn
538 3032 675 3114 (urbem);
698 3054 727 3108 2,
753 3053 823 3110 100,
846 3055 874 3098 2:
901 3040 1014 3115 replere
1040 3039 1154 3098 animos
1181 3039 1353 3115 oculosque;

105 3154 132 3210 2,
149 3155 211 3215 103,
228 3157 252 3198 1:
271 3139 433 3201 incredibili
450 3140 560 3199 laetitia
578 3141 704 3216 patriam
722 3139 835 3217 replere
853 3138 967 3217 (Plaut,
982 3139 1162 3220 Verg.,Ov.‚
1178 3138 1353 3216 Plinium).

99 3239 101 3246 ’
191 3241 334 3300 Revolarc
360 3260 412 3320 per
434 3241 656 3302 translationem
682 3242 827 3318 significat
853 3245 978 3301 celeriter
1000 3244 1095 3300 redire
1116 3257 1145 3312 2,
1171 3258 1235 3313 120,
1259 3258 1288 3318 5:
1311 3243 1355 3300 his

108 3343 215 3404 auditis
237 3345 348 3404 revolat
370 3345 409 3403 ad
432 3354 558 3421 patrem;
583 3360 611 3414 2,
637 3360 699 3419 123,
722 3360 752 3402 2:
774 3344 822 3403 ille
844 3345 882 3403 ad
904 3351 1017 3420 patrem
1040 3344 1185 3403 revolavit.
1232 3343 1277 3402 Cf.
1300 3342 1355 3404 Ov.

107 3453 176 3508 met.
200 3461 224 3522 7,
248 3445 319 3519 684:
342 3454 371 3505 et
392 3446 504 3505 revolat
526 3446 607 3507 nullo
628 3446 772 3506 referente
791 3455 952 3523 ernestum.
1334 3470 1336 3474 ·

83 3573 84 3576 ¹
195 3545 323 3622 Sr'gnare
350 3556 503 3624 poetarum
531 3565 613 3606 more
641 3548 759 3623 ponitur
785 3547 815 3607 in
841 3546 1035 3606 locutionibus
1061 3546 1118 3606 his:
1148 3544 1170 3622 1)
1191 3565 1244 3623 pro
1266 3549 1355 3604 conri-

104 3667 202 3722 gnare
223 3649 340 3718 lr'tterrr,
363 3661 520 3708 memorare
544 3667 568 3719 1,
593 3648 639 3720 16,
665 3666 690 3707 1:
718 3651 787 3726 quin
813 3667 875 3708 rem
901 3649 940 3708 ad
969 3646 1110 3724 liquidum
1137 3647 1296 3724 perfectam
1319 3647 1356 3706 si-

109 3767 198 3822 gnem
228 3750 294 3810 stilo
316 3750 390 3825 (Ov.,
422 3746 521 3827 Verg,
553 3751 620 3810 Sen.
640 3751 721 3827 phil,
754 3749 863 3823 Quint,
887 3748 953 3824 alii).
997 3745 1023 3826 2)
1051 3766 1104 3824 pro
1135 3751 1304 3824 rignfficurc
1330 3764 1355 3816 2,

112 3863 167 3921 115,
189 3867 214 3907 1:
236 3852 389 3925 honorum,
413 3854 519 3929 quibus
545 3853 729 3932 triumphans
752 3871 820 3911 eum
847 3852 958 3912 Caesar
980 3840 1105 3922 donavit,
1124 3852 1223 3926 signat
1244 3867 1357 3908 memo·

110 3949 163 4008 ria.
189 3949 234 4009 Cf.
257 3950 351 4028 Capit.
373 3954 439 4012 Alb.
462 3970 489 4026 4,
513 3968 539 4028 5.

199 4050 345 4128 Spargere
370 4055 388 4112 i.
410 4073 433 4114 s.
456 4074 483 4132 q.
507 4057 662 4130 detsrpure,
689 4056 872 4133 profundere
896 4071 922 4125 1,
947 4069 989 4129 15,
1012 4071 1041 4112 2:
1064 4063 1130 4131 post
1151 4056 1262 4116 bellum
1283 4056 1357 4114 vires

111 4151 288 4212 refovendae
306 4155 403 4239 ¹magis
425 4173 514 4232 quam
533 4156 726 4233 spargendae.
772 4155 817 4214 Cf.
839 4155 914 4216 Hor.
937 4157 1019 4233 epist.
1041 4173 1070 4226 2,
1093 4173 1122 4228 2,
1147 4173 1210 4233 195:
1232 4174 1357 4234 spargas

112 4265 162 4316 tua
185 4257 326 4334 prodigus
349 4275 386 4315 an
408 4275 504 4334 neque
526 4269 674 4335 sumptum
697 4260 802 4319 invitus
824 4259 915 4320 facias
937 4267 991 4320 etc.
1360 4329 1362 4340 y

201 4359 370 4430 Tumescere,
393 4359 567 4419 vocabulum
590 4370 744 4438 poetarum
763 4362 920 4438 proprium,
944 4361 981 4420 de
1002 4349 1086 4422 mari
1098 4361 1213 4438 proprie
1235 4379 1357 4436 usurpa-

112 4469 158 4520 tur
180 4463 286 4522 sensim
314 4470 465 4539 surgente,
498 4462 593 4521 donec
619 4471 826 4540 prorumpente
858 4462 986 4540 procella
1011 4465 1041 4522 in
1067 4481 1216 4525 summum
1243 4469 1357 4522 aestum
