3086 5118
246 429 290 480 est
311 422 380 480 vitia
397 420 447 480 illa
470 418 656 479 attribuenda
675 435 739 478 esse
761 417 922 476 maximam
940 390 1055 491 partem
1074 413 1164 473 aetati
1183 414 1296 492 Velleji,
1319 434 1377 493 qua
1404 432 1426 473 a
1448 433 1520 492 per·

249 522 327 581 lecta
348 529 378 580 et
398 522 543 598 perpolita
565 521 692 580 dictione
714 519 909 578 Ciceroniana
932 518 1028 592 magis
1051 517 1207 593 magisque
1229 533 1378 576 recessum
1404 525 1469 576 est.

331 622 407 682 Tres
428 623 613 699 potissimum
634 640 740 681 causas
757 621 884 680 Kritzius
907 619 1035 678 affirmat
1057 636 1088 678 se
1106 618 1257 694 reperisse,
1279 615 1384 694 quibus
1405 625 1520 694 pateat

249 724 421 802 Vellejanae
447 724 604 783 elocutioni
627 723 822 799 elegantiam,
851 740 942 798 quarn
970 720 1054 780 multi
1076 719 1248 795 interpretes
1269 721 1300 777 in
1322 738 1358 778 ea
1381 719 1520 778 laudare

246 845 307 885 non
324 826 528 895 dubitaverint,
551 825 637 884 tribui
655 842 715 883 non
737 842 833 901 posse.
879 823 1010 882 Primum
1032 823 1121 892 enirn,
1145 820 1223 891 dicit,
1246 821 1376 898 Vellejus
1403 821 1518 897 hyper·

245 927 373 986 bolicam
395 926 476 985 illam
499 926 615 985 dicendi
637 927 781 986 rationem
800 932 945 994 sectatur,
973 942 1033 1000 qua
1054 923 1085 981 in
1112 925 1199 982 rebus
1221 922 1424 998 significandis
1450 941 1517 980 mo-

180 1083 187 1096 ,
246 1028 316 1086 dum
339 1027 453 1087 excedit
475 1036 504 1087 et
529 1027 624 1087 verbis
646 1029 735 1085 utitur
762 1025 801 1086 ad
828 1025 998 1086 alliciendos
1031 1026 1155 1085 lectores
1182 1025 1267 1084 nimis
1294 1024 1466 1102 splendidis
1491 1033 1516 1082 et

175 1139 177 1142 ’
245 1130 284 1188 ab
308 1130 429 1208 antiqua
446 1130 631 1207 simplicitate
652 1129 743 1203 longe
759 1128 974 1188 recedentibus.
1010 1127 1099 1186 Aliud
1124 1127 1228 1204 Velleji
1256 1127 1368 1196 vitium,
1393 1127 1514 1184 Kritzio

243 1231 352 1308 judice,
379 1232 410 1290 in
436 1248 473 1291 eo
499 1233 640 1302 cernitur,
672 1229 754 1308 quod
780 1231 809 1290 in
832 1231 979 1290 sententia
1005 1230 1110 1288 eadem
1137 1228 1268 1305 plurimis
1294 1226 1390 1285 modis
1417 1245 1511 1285 enun-

247 1331 348 1392 tianda
369 1334 470 1409 itaque
496 1334 638 1392 varianda
660 1333 839 1403 orationem,
867 1350 958 1408 quam
980 1349 1086 1390 ornare
1108 1330 1204 1389 studet
1226 1330 1362 1404 scriptor,
1386 1339 1513 1386 enervet

141 1440 147 1444 ’
247 1440 337 1510 atque
368 1434 542 1493 deteriorem
569 1434 688 1502 reddat.
737 1434 839 1506 Quare
869 1433 1043 1492 brevitatem
1074 1431 1203 1501 dicendi,
1234 1448 1325 1506 quam
1356 1432 1512 1506 propriam

247 1553 312 1594 esse
339 1535 443 1613 Velleji
473 1537 556 1595 multi
582 1537 763 1613 putaverint,
795 1536 902 1595 frustra
929 1535 1030 1611 quaeri
1057 1535 1087 1592 in
1114 1532 1163 1591 illo
1189 1532 1317 1590 Kritzius
1343 1532 1511 1590 contendit.

247 1635 350 1695 Tertia
376 1636 503 1714 denique
529 1657 633 1708 causa,
661 1639 754 1715 inquit
779 1637 921 1707 Kritzius,
952 1654 1030 1712 quae
1055 1635 1205 1711 perlectae
1235 1634 1330 1710 operis
1359 1632 1511 1710 Vellejani

248 1737 361 1796 formae
382 1739 485 1810 obluit,
508 1742 538 1798 in
556 1739 742 1799 festinatione
763 1739 859 1814 posita
876 1746 930 1806 est,
947 1755 1031 1813 'quae
1053 1755 1144 1813 quum
1166 1735 1324 1812 plurimum
1346 1734 1450 1794 valeat
1474 1737 1511 1794 ad

248 1840 449 1901 excusandum
471 1843 652 1918 scriptorem,
675 1849 776 1900 tamen
798 1839 968 1915 saepissime
986 1829 1144 1912 caliginem
1167 1834 1318 1912 quandam
1341 1837 1511 1895 sententiae

247 1940 366 2000 inducit.
409 1942 495 2002 Haec
517 1943 659 2003 hactenus
681 1942 816 2000 Kritzius.

331 2042 426 2104 Nobis
444 2051 544 2104 autem
567 2045 628 2104 sine
649 2045 692 2104 ira
715 2051 745 2102 et
766 2043 862 2102 studio
884 2059 1051 2101 sermonem
1074 2041 1259 2117 Vellejanurn
1282 2031 1510 2099 aestimantibus

248 2152 317 2205 ante
339 2146 441 2204 omnia
462 2145 709 2206 considerandum
731 2152 777 2204 est
799 2144 948 2220 scripsisse
971 2143 1117 2220 Vellejum
1141 2159 1178 2201 ea
1200 2150 1311 2212 aetate,
1325 2159 1399 2218 ·qua
1423 2151 1459 2199 ut
1484 2143 1510 2200 in

248 2247 399 2323 republica
421 2254 450 2304 et
476 2247 506 2305 in
528 2247 657 2305 moribus
680 2245 749 2305 nihil
773 2246 834 2304 fere
855 2246 994 2322 pristinae
1016 2243 1148 2304 sanitatis
1171 2250 1200 2302 et
1226 2244 1339 2302 roboris
1360 2242 1520 2319 reliquum¹

248 2355 324 2418 erat,
356 2348 410 2434 ita·
427 2348 457 2405 in
482 2347 584 2406 litteris
614 2365 733 2423 quoque
763 2347 896 2406 sanitatis
926 2333 987 2404 itle'
1006 2345 1099 2415 color,
1131 2363 1220 2421 quern
1246 2345 1277 2402 in
1308 2345 1511 2419 superioribus

248 2448 438 2524 scriptoribus
469 2449 499 2506 in
521 2449 622 2524 primis
643 2449 674 2507 in
696 2448 839 2507 Cicerone
867 2456 1022 2524 tantopere
1048 2447 1241 2518 admiramur,
1268 2446 1411 2522 paulatim
1442 2465 1511 2506 eva·

249 2557 361 2609 nuerat.
398 2549 488 2629 Cujus
510 2552 552 2609 rei
574 2568 665 2610 causa
688 2569 706 2609 a
730 2556 913 2608 commutata
935 2550 1119 2626 potissimum
1141 2548 1294 2624 disciplina
1316 2547 1442 2606 civitatis
1467 2567 1511 2607 re·

248 2651 377 2727 petenda
398 2634 453 2711 est.
496 2651 598 2723 Quum
625 2653 703 2710 enim
726 2639 888 2710 Caesarum
911 2651 1105 2709 dominationi
1126 2640 1290 2726 respublica
1313 2649 1448 2724 subjecta
1468 2667 1511 2709 es·

249 2759 307 2823 set,
329 2754 391 2813 fieri
414 2773 474 2813 non
495 2762 625 2830 poterat,
649 2753 719 2829 quin
741 2759 871 2812 mutatus
897 2751 1075 2828 reipublicae
1097 2759 1190 2811 status
1216 2768 1360 2827 magnam
1382 2750 1444 2808 vim
1474 2749 1511 2809 ad

249 2861 327 2912 artes
350 2862 379 2912 et
400 2855 511 2914 litteras
534 2855 674 2914 colendas
696 2856 819 2915 haberet
840 2862 869 2914 et
890 2842 1071 2930 eloquentia,
1094 2871 1171 2930 quae
1193 2854 1373 2930 temporibus
1395 2850 1511 2922 liberae

248 2955 426 3030 reipublicae
448 2957 477 3014 in
499 2956 611 3014 honore
633 2965 722 3038 esset,
746 2955 786 3014 ad
809 2956 1036 3015 ostentationem
1058 2954 1267 3018 etblanditias
1289 2953 1491 3012 delaberetur.

335 3057 439 3135 Itaque
461 3057 501 3115 H.
519 3058 678 3134 Sauppius,
701 3072 884 3139 quamquam
901 3057 983 3127 vitia,
1007 3057 1111 3133 quibus
1133 3057 1228 3131 oratio
1247 3056 1401 3133 Vellejana
1422 3055 1511 3116 labo·

250 3166 307 3228 ret,
329 3158 482 3228 intellexit,
505 3159 616 3234 optime
642 3166 671 3217 et
691 3159 851 3235 J’ustissime
873 3158 910 3216 de
932 3157 968 3217 e'a
992 3157 1225 3236 judicassemihi
1246 3157 1368 3226 videtur,
1391 3157 1415 3215 si
1440 3157 1510 3216 dicit

204 3336 207 3341 .
250 3255 290 3338 (p.
309 3252 384 3337 179):
407 3261 462 3331 ,Im
481 3259 605 3319 Ganzen
619 3259 735 3338 ¹J'edoch
754 3261 791 3319 ist
812 3260 860 3318 die
877 3260 1006 3336 Sprache
1023 3259 1084 3318 rein
1107 3258 1167 3317 und
1185 3258 1330 3328 fliessend,
1353 3259 1406 3316 mit
1428 3258 1509 3317 allen

250 3361 394 3437 M'angeln
412 3362 473 3421 und
487 3361 647 3437 Vorziigen
665 3362 716 3422 des
735 3362 905 3437 damaligen
922 3360 1102 3420 Ausdrucks.
1137 3360 1235 3419 Bilder
1251 3360 1313 3419 und
1331 3359 1509 3434 Witaspiele,

250 3464 423 3523 Antithesen
445 3463 505 3523 und
526 3463 702 3534 Sentenaern
725 3465 873 3540 poetische
896 3463 998 3522 Worte
1019 3462 1081 3521 und
1102 3468 1238 3538 gewagte
1261 3460 1509 3520 Gedanlrenwen·

251 3562 384 3638 dungen,
403 3565 496 3646 'kurze
517 3565 708 3640 abgerissene
730 3565 815 3624 Sitae
836 3565 984 3625 bemlihen
1006 3563 1081 3635 sich,
1109 3563 1156 3622 die
1179 3562 1418 3640 abgestumpiten
1447 3564 1509 3622 und

241 3656 432 3723 'iiberreizten
454 3664 570 3725 Geister
596 3685 631 3725 au
658 3685 749 3725 neuer
770 3666 970 3727 Theilnahme
993 3665 1191 3740 aulauregen.‘
1239 3665 1349 3723 Videas
1380 3681 1509 3740 quoque,

251 3765 322 3840 quid
341 3766 452 3843 judicet
473 3765 511 3825 de
533 3765 647 3843 Vellejo
669 3765 840 3844 Bernhardy
861 3769 891 3826 in
912 3768 1013 3826 Litter.
1030 3766 1160 3826 Roman.
1182 3786 1210 3843 p.
1230 3781 1280 3842 722
1302 3763 1381 3844 (edit.
1400 3763 1456 3838 V.).

337 3866 438 3938 Quum
465 3875 565 3926 autem
588 3855 718 3946 Vellejus
744 3869 963 3946 antiquissimus
990 3869 1026 3928 sit
1054 3866 1241 3952 scriptorum,
1273 3869 1322 3945 qui
1354 3875 1508 3942 argentea,

251 3986 330 4044 quae
351 3979 485 4040 vocatur,
517 3977 614 4029 aetate
635 3971 785 4030 historiam
812 3978 1041 4047 composuemnt
1064 3977 1092 4028 et
1115 3987 1206 4046 quum
1229 3988 1266 4029 ex
1289 3987 1325 4028 eo
1349 3969 1509 4028 clarissime

252 4070 443 4147 intelligatur,
474 4081 617 4148 quantum
644 4073 814 4148 apersecta
839 4081 870 4132 et
895 4072 1040 4148 perpolita
1068 4072 1209 4142 dictione,
1236 4091 1327 4148 quam
1355 4071 1383 4129 in
1410 4070 1508 4147 reipu-

252 4169 349 4259 blicae
370 4165 480 4233 liberae
506 4175 695 4250 scriptoribus
722 4175 914 4245 admiramur,
941 4191 1089 4234 recessum
1112 4174 1161 4245 sit,
1185 4193 1294 4250 operae
1315 4173 1438 4250 pretium
1463 4173 1508 4230 f-

250 4281 352 4332 oturus
369 4275 440 4356 milri
458 4275 587 4345 videbar,
610 4277 633 4334 si
656 4275 694 4334 de
711 4277 877 4336 elocutione
893 4275 1116 4352 ejusnonnulla
1134 4269 1282 4352 exponere
1299 4287 1431 4334 conarea
1467 4273 1508 4332 Et

252 4391 434 4452 quamquam
453 4377 655 4452 intelligebam
672 4377 750 4436 hanc
772 4396 834 4437 rem
852 4384 881 4436 et
902 4376 1028 4445 multum
1046 4375 1221 4437 difficultatis
1238 4377 1349 4435 habere
1367 4384 1395 4434 et
1412 4375 1507 4433 multo

1341 4563 1353 4596 b
