3086 5118
570 357 776 415 ,3,-

134 528 254 587 Morari
270 546 323 604 per
341 529 562 588 translationem
580 523 612 586 in
630 525 824 586 locutionibus
842 543 902 584 non
921 525 1006 584 nullis
1024 534 1178 600 usurpatur
1196 532 1298 584 contra

32 630 294 690 consuetudinem
321 630 497 705 optimorum
520 630 691 705 scriptorum
714 645 780 703 pro:
812 630 842 685 in
864 629 1017 686 narranda
1039 628 1106 701 olqa
1127 647 1159 684 re
1185 630 1301 685 versari

33 748 61 796 1.
89 745 121 806 7,
140 747 171 790 2:
194 731 264 790 dum
285 732 315 790 in
333 731 457 789 externis
475 748 573 790 moror
591 728 618 806 (i.
637 748 662 788 e.
681 728 751 787 dum
774 729 802 786 in
825 729 978 788 narrandis
1000 729 1096 798 rebus,
1118 745 1193 805 quae
1215 735 1298 786 extra

31 832 168 891 Italiam
190 833 287 898 sactae
309 841 388 903 sunt,
411 830 521 909 versor)
542 841 571 890 et
591 847 617 902 2,
640 847 684 905 41,
709 847 735 888 1:
758 830 808 906 qui
828 827 1008 905 (consulatus
1030 827 1173 904 Caesaris)
1195 847 1298 906 quam·

32 935 119 991 libet
141 933 328 993 festinantem
350 935 381 992 in
402 952 434 992 se
456 935 562 992 morari
585 934 674 1008 cogit.
717 931 832 992 Deinde
854 936 966 990 morari
993 930 1096 990 dicitur
1117 931 1155 992 de
1177 948 1228 1002 eor
1249 931 1298 1007 qui

33 1053 96 1110 per
122 1035 245 1110 longum
263 1048 379 1111 tempus
400 1053 506 1094 munus
528 1034 678 1112 quoddam
700 1034 833 1093 obtinere
855 1034 983 1109 cupita,
1009 1050 1049 1103 11,
1072 1049 1102 1092 2:
1130 1031 1297 1092 criminatus

33 1136 162 1194 Metelli
183 1137 317 1196 morandi
338 1138 369 1195 in
391 1138 518 1214 imperiis
540 1136 740 1212 cupiditatem.

135 1237 287 1313 Perpolirc
312 1239 429 1315 propria
456 1240 668 1315 significatione
694 1247 789 1298 exstat
816 1255 845 1308 2,
867 1253 913 1307 22,
937 1253 970 1312 4:
1003 1235 1144 1296 conclusit
1170 1255 1202 1294 se
1232 1236 1299 1294 loco

36 1357 144 1415 nuper
166 1341 247 1402 calce
264 1358 414 1418 arenaque
431 1341 582 1416 perpolito.
592 1340 747 1400 -Cicero
765 1341 821 1399 hoc
833 1340 922 1400 verbo
939 1356 999 1398 non
1017 1338 1113 1408 utitur,
1131 1338 1187 1396 nisi
1204 1345 1299 1396 trans·

34 1442 109 1500 lata
132 1442 358 1516 significatione:
380 1441 581 1512 Ruhnkenius,
600 1451 633 1500 ut
654 1443 777 1518 simplex
794 1442 915 1501 verbum
937 1441 1028 1518 polire
1046 1439 1232 1500 scribendum
1253 1439 1298 1508 sit,

37 1545 212 1620 proposuit.

134 1644 338 1706 Praescrr'bere
354 1665 408 1722 pro
430 1633 475 1717 eo,
498 1647 643 1728 quodpst
668 1649 885 1722 supradicere,
912 1661 1117 1710 memorum,
1141 1659 1188 1717 41,
1214 1660 1241 1701 1:
1268 1650 1299 1701 ut

37 1747 298 1822 praescripsimus.
333 1746 509 1807 Ruhnkenio
531 1749 657 1825 primum
680 1749 856 1807 observante
877 1756 929 1806 aut
950 1766 986 1806 ex
1009 1745 1162 1823 Vellejana
1183 1743 1300 1804 dicendi

37 1830 263 1908 consuetudine
286 1857 327 1920 ‚ut
349 1849 554 1926 praediximus‘
576 1851 762 1909 scribendum
783 1868 847 1909 esse
870 1858 921 1907 aut
942 1849 1032 1907 verba
1053 1847 1174 1906 omnino
1194 1845 1299 1904 tollen·

37 1947 83 2008 da
110 1949 182 2008 mihi
204 1952 351 2026 persuasi.
388 1953 538 2012 Invenitur
559 1953 638 2028 apud
661 1952 820 2036 Vellejum:
847 1959 879 2009 ut
900 1949 1097 2027 praediximus
1121 1964 1146 2018 1,
1165 1931 1202 2020 Ι4,
1227 1962 1252 2016 1;
1276 1963 1299 2016 1,

40 2066 92 2120 12,
122 2066 148 2119 1;
175 2068 201 2120 1,
225 2069 269 2126 15,
292 2069 324 2126 4;
348 2069 377 2122 2,
403 2069 445 2123 12,
470 2069 496 2122 ²;
521 2071 595 2129 quas
617 2053 813 2128 praediximus
835 2067 864 2122 2,
890 2066 968 2121 1,.2;
991 2067 1080 2127 quem
1102 2047 1299 2125 praediximus

38 2168 73 2222 2,
103 2169 148 2220 rr,
173 2168 196 2222 1;
219 2153 338 2230 dequo
360 2154 555 2230 praediximus
576 2169 605 2224 2,
631 2169 677 2229 15,
700 2170 731 2228 33
759 2154 796 2213 de
818 2155 900 2230 cujus
923 2153 1077 2212 consulatu
1100 2149 1299 2226 praediximus

39 2270 69 2323 2,
101 2268 167 2324 104,
190 2270 219 2324 23
242 2273 315 2331 quos
337 2245 536 2331 praediximus
558 2272 582 2325 2,
608 2255 670 2340 108,
693 2271 719 2314 2.

137 2355 284 2434 Proferrc
306 2358 323 2414 i.
346 2376 369 2416 s.
392 2375 420 2434 q.
442 2377 622 2438 commovere,
650 2359 790 2433 r'rrrpellere
812 2355 924 2429 2,128‚
948 2373 980 2430 4:
1013 2356 1052 2416 ad
1075 2353 1205 2433 juvanda
1230 2370 1301 2412 vero

41 2475 143 2533 opera
164 2459 299 2536 principis
321 2459 459 2535 Sejanum
481 2459 608 2536 protulit.
644 2458 689 2518 Cf.
712 2458 823 2519 Lucan.
846 2475 871 2530 2,
894 2474 966 2536 4951
988 2466 1021 2518 11
1043 2456 1193 2533 conspicit,
1212 2455 1308 2512 amne'

42 2559 156 2629 soluto,
180 2561 275 2636 rumpi
297 2559 407 2621 Caesar
429 2562 482 2620 iter
505 2561 599 2622 calida
621 2563 752 2639 prolatus
775 2563 813 2620 ab
835 2563 887 2620 ira.

137 2660 291 2720 publicare
313 2663 391 2739 apud
413 2673 524 2724 veteres
546 2664 700 2740 scriptores
722 2664 837 2724 solutae
858 2663 998 2723 orationis
1020 2660 1146 2721 eandem
1167 2659 1227 2717 vim
1247 2658 1302 2715 ha·

45 2763 109 2830 bet,
134 2781 223 2838 quam
245 2763 276 2822 in
298 2765 476 2841 reipublicae
498 2765 637 2825 ditionem
659 2773 894 2842 potestatemque
916 2764 1059 2839 redigere,
1087 2761 1224 2837 praeconi
1246 2777 1299 2835 pu·

45 2864 129 2922 blico
158 2865 313 2942 subjicere,
346 2867 425 2943 apud
452 2868 598 2945 Vellejum
625 2869 768 2942 significat
794 2867 874 2944 quod
901 2867 1044 2943 privatum
1070 2861 1126 2934 est,
1157 2863 1188 2920 in
1214 2878 1302 2920 usum

47 2964 203 3042 publicum
226 2976 396 3027 convertere
417 2985 442 3040 2,
463 2987 521 3044 114,
539 2987 568 3029 2:
591 2971 695 3030 lectica
713 2973 774 3048 ejus
792 2971 941 3046 publicata
963 2978 1007 3028 est
1031 2962 1063 3044 [i
1082 2985 1108 3025 e.
1127 2965 1234 3043 publici
1254 2965 1301 3041 ju·

49 3068 93 3125 ris
120 3063 213 3145 facta]
236 3068 338 3141 (Plaut.
365 3070 472 3130 Bacch
495 3088 527 3145 4,
555 3071 586 3143 8,
614 3089 647 3132 22
668 3070 756 3148 (8634
782 3090 888 3149 corpus
911 3090 997 3131 suum
1024 3070 1112 3145 volgo
1137 3068 1299 3145 publicare,

48 3169 128 3227 Tac.
152 3167 254 3228 Germ
278 3187 325 3245 191
352 3173 431 3249 publ
458 3175 640 3250 pudicitiam,
667 3176 740 3235 Plin.
767 3175 795 3232 h.
823 3195 851 3233 1.
878 3189 908 3250 7,
925 3174 970 3248 ’5ο
993 3168 1059 3251 (31),
1089 3187 1135 3288 115
1162 3179 1212 3230 et·
1208 3169 1303 3226 -Suet

47 3269 141 3328 Caes.
163 3287 217 3344 44.
239 3273 447 3334 bibliothecam
469 3275 635 3353 publicare).

138 3371 293 3449 Protegere
313 3375 418 3434 eadem
435 3377 646 3451 significatione
672 3378 777 3437 dicitur
802 3395 854 3453 per
876 3343 1106 3444 translationem,
1129 3391 1188 3449 qua
1210 3373 1304 3429 celare

46 3489 76 3544 2,
99 3489 164 3542 100,
182 3491 212 3550 5.
235 3474 388 3547 Quinctius
406 3477 557 3554 Crispinus
580 3480 765 3554 singularem
781 3478 941 3555 nequitiam
963 3477 1117 3564 supercilio
1138 3474 1212 3533 truci
1234 3489 1302 3548 pro-

46 3585 166 3649 tegens.
210 3576 255 3636 Cf.
279 3576 380 3649 Quint.
403 3579 477 3638 decl.
500 3579 527 3650 8,
552 3598 578 3639 1:
601 3581 745 3656 parricidii
767 3581 1079 3640 immanitatemmetu
1100 3578 1212 3654 majore
1233 3591 1304 3650 pro·

47 3686 167 3752 tegere;
190 3678 263 3756 Just.
285 3680 331 3756 38,
356 3699 377 3752 1,
402 3698 451 3741 191
474 3683 533 3742 risu
555 3685 691 3759 protectis
712 3683 830 3742 insidiis.

138 3779 302 3840 Recurrere
323 3786 465 3845 translate
482 3785 600 3861 ponitur
620 3803 674 3862 pro
692 3789 853 3844 memoriam
877 3787 951 3863 alcjs
971 3787 1019 3843 rei
1037 3789 1158 3859 repetere
1180 3795 1204 3848 2,
1223 3795 1251 3851 4,
1270 3791 1302 3852 7:

49 3882 91 3940 de
113 3900 173 3958 quo
194 3884 217 3944 si
239 3885 304 3961 quis
325 3887 464 3962 ambiget,
487 3894 618 3946 recurrat
639 3887 678 3946 ad
699 3889 827 3965 priorem
849 3886 1033 3946 consulatum
1056 3886 1128 3962 ejus.
1163 3879 1208 3940 Cs.
1226 3880 1299 3939 Plin.

49 4001 124 4060 pan.
146 3983 195 4054 88,
220 4001 270 4045 10:
295 3987 370 4048 haec
392 3990 494 4064 optimi
516 3990 675 4066 appellatio
696 4007 859 4067 numquam
881 3988 1042 4047 memoriae
1064 3985 1216 4044 hominum
1238 3982 1304 4042 sine

47 4096 81 4142 te
103 4094 241 4145 recurret.
332 4133 334 4137 .

137 4186 319 4266 Resragorr',
342 4190 422 4267 quod
443 4192 560 4267 proprie
581 4191 726 4268 significat
743 4192 869 4262 obstare,
892 4190 1041 4252 adversari
1056 4188 1200 4249 invenitur
1222 4184 1301 4262 apud

52 4288 198 4366 Vellejum
220 4299 417 4368 sequentem
439 4308 468 4362 2,
490 4310 545 4366 40,
567 4309 598 4370 51
625 4312 693 4353 cum
720 4294 753 4352 iis
779 4311 848 4369 pars
875 4294 1058 4370 optimatium
1084 4290 1303 4366 refragabatur,

50 4383 90 4448 ne
112 4393 256 4466 promissa
277 4395 440 4453 civitatibus
463 4396 500 4453 ad
524 4394 643 4454 arbitria
658 4396 726 4472 ‘ejus
744 4396 985 4471 persolverentur.
1029 4394 1189 4454 Translata
1212 4390 1303 4465 signi·
1382 4385 1384 4390 ’

50 4493 188 4552 ficatione
210 4495 265 4555 hoc
287 4497 407 4555 verbum
431 4491 525 4555 exstat
547 4497 627 4573 apud
649 4496 722 4556 Plin.
744 4497 772 4554 h.
794 4517 824 4556 n.
848 4515 890 4574 19,
914 4512 929 4573 7
951 4495 1014 4575 (38),
1040 4511 1096 4574 127.
