3086 5118
275 469 419 552 jungitur
428 489 453 544 2,
476 455 523 546 20,
546 489 574 530 2:
598 471 694 532 Cinna
715 474 745 531 in
768 474 904 532 omnibus
926 475 1057 534 tribubus
1077 493 1109 534 se
1131 491 1181 534 eos
1203 474 1429 534 distributurum
1455 473 1532 548 polli

279 576 352 634 citus
375 583 427 634 est.
466 575 513 633 De
536 574 592 633 hac
614 581 762 635 structura
786 576 866 651 apud
884 593 987 638 omnes
1009 575 1232 660 lexicographos
1255 584 1378 634 tacetur.

364 676 515 758 Erudire,
529 676 609 753 quod
631 676 710 754 apud
732 678 858 754 optimos
885 678 1039 754 scriptores
1061 685 1176 758 tentum
1202 667 1393 752 de'personis
1420 676 1533 734 dicitur

231 791 236 816 ⁸
278 787 438 854 praeeunte
462 777 567 846 Ouidio
588 776 656 854 (am.
676 797 698 851 1,
719 797 761 854 14,
779 796 832 856 30:
851 781 932 840 erud.
951 795 1035 851 acus3
1054 799 1125 841 rem.
1143 799 1201 839 am.
1221 777 1295 856 690:
1318 777 1399 836 erud.
1421 779 1533 836 oculos

277 879 451 972 transfertur
472 880 512 939 ad
534 900 579 940 res
602 899 626 950 2,
649 899 695 959 59,
718 899 750 956 4:
774 881 812 942 ad
835 882 1027 944 erudiendam
1048 879 1403 968 liberalibusNdiseiplinis
1434 881 1538 954 singul

277 981 346 1040 laris
368 981 497 1042 indolem
516 985 628 1060 iuvenis
651 985 838 1062 Apolloniam
861 1003 929 1044 eum
951 986 980 1044 in
1002 985 1098 1044 studia
1120 986 1248 1044 miserat
1287 981 1332 1042 Ci.
1350 981 1427 1040 Plin.
1454 981 1490 1039 h.
1515 1003 1530 1039 n

282 1099 330 1158 34,
354 1079 456 1160 8,(19),
480 1082 530 1160 56:
554 1086 715 1146 toreuticen
737 1085 816 1145 erud.
839 1117 879 1128 -—
902 1086 979 1145 Flor.
1004 1104 1026 1156 1,
1050 1083 1077 1156 6,
1102 1103 1127 1144 1:
1150 1086 1277 1145 educare
1298 1083 1441 1142 indolem.

364 1185 460 1244 Evehi
487 1189 517 1245 in
543 1186 623 1264 alqm
650 1186 775 1262 gradum
803 1188 920 1246 honoris
950 1188 1029 1246 haud
1060 1205 1126 1248 raro
1153 1175 1171 1246 2
1199 1187 1312 1263 Velleio
1338 1186 1449 1244 dicitur
1487 1205 1522 1260 pr

166 1288 172 1294 ’
280 1290 429 1346 atcendere
450 1289 658 1365 praeeuntibus
681 1289 808 1350 Horatio
830 1298 859 1348 et
884 1290 1012 1366 Vergilio
1030 1307 1054 1358 2,
1074 1306 1101 1362 4,
1121 1304 1150 1365 7:
1173 1289 1202 1348 in
1220 1307 1308 1365 quem
1325 1285 1528 1361 (consulatum

280 1396 397 1448 evectus
424 1398 480 1459 est;
509 1407 533 1460 2,
562 1405 612 1464 3ο,
638 1407 669 1465 3:
693 1391 721 1452 in
744 1409 892 1454 summum
919 1390 1067 1467 fastigium
1093 1389 1197 1468 (suppl.
1220 1391 1363 1450 honorum
1386 1399 1419 1448 et
1442 1391 1536 1464 impe

280 1484 400 1563 riorum)
422 1498 556 1550 evectum
579 1472 693 1564 (eadem
716 1493 825 1552 locutio
845 1509 869 1563 2,
892 1492 937 1568 56,
961 1509 991 1567 3;
1015 1509 1039 1563 2,
1065 1492 1122 1563 116,
1146 1490 1186 1568 4);
1210 1509 1234 1562 2,
1257 1508 1301 1567 53,
1324 1507 1355 1566 3:
1377 1491 1434 1549 viri
1457 1493 1494 1548 in
1511 1491 1534 1548 id

278 1591 381 1660 evecti,
414 1609 501 1669 super
528 1592 606 1669 quod
636 1594 755 1653 ascendi
781 1612 840 1654 non
867 1601 975 1670 potest;
1002 1611 1028 1664 2,
1052 1609 1108 1670 127,
1134 1612 1160 1654 1:
1192 1594 1231 1652 ad
1257 1593 1435 1668 multiplices
1465 1611 1535 1651 con·

252 1761 254 1765 ,
279 1692 391 1750 sulatus
413 1694 642 1773 ,triumphosque
674 1696 764 1754 evehi.
812 1698 916 1756 Activa
942 1695 1037 1756 forma
1063 1713 1091 1768 2,
1121 1712 1175 1774 9ο,
1206 1712 1231 1753 1:
1263 1713 1352 1771 quem
1378 1713 1480 1770 usque
1508 1697 1532 1752 in

278 1793 396 1862 tertium
419 1797 602 1856 consulatum
624 1798 751 1856 amicitia
773 1799 908 1876 principis
931 1806 1066 1866 evexerat
1092 1781 1323 1874 trineptem:
1350 1797 1468 1854 homini
1499 1797 1532 1853 ad

281 1900 379 1954 tantos
402 1896 528 1956 honores
550 1906 665 1976 evecto;
686 1898 783 1958 Livius
805 1901 867 1976 ipse
888 1917 930 1969 22,
949 1899 994 1970 26,
1016 1916 1046 1958 2:
1068 1900 1219 1986 pervenire
1241 1899 1280 1958 ad
1302 1897 1432 1958 honores
1455 1897 1532 1955 dicit.

279 1995 354 2054 Tac.
377 1996 446 2057 dial.
471 2015 515 2074 13:
540 2000 621 2060 eveh.
645 2000 683 2060 ad
705 2002 886 2072 consulatus;
914 2001 993 2061 Curt.
1015 2018 1043 2076 4,
1068 2017 1111 2072 ro,
1134 2010 1185 2060 20:
1213 2001 1251 2060 ad
1273 2017 1423 2059 summum
1453 1998 1532 2057 fasti·

279 2099 362 2172 gium
384 2095 484 2175 evehi).
1333 2160 1335 2166 ,

366 2199 480 2260 Illicere
498 2204 579 2278 apud
599 2204 726 2280 optimos
748 2205 903 2282 scriptores
925 2207 1096 2282 plerumque
1114 2214 1269 2281 usurpatur
1286 2205 1317 2262 in
1334 2202 1448 2261 malam
1468 2219 1531 2277 par·

279 2309 355 2372 tem,
378 2319 437 2388 962
458 2303 668 2379 significatione
690 2313 785 2364 exstat
807 2307 886 2383 apud
903 2307 1047 2385 Vellejum
1070 2322 1095 2377 2,
1120 2324 1159 2382 13,
1183 2322 1211 2376 2;
1238 2308 1291 2366 sed
1313 2304 1417 2386 dicitur
1441 2303 1529 2362 etiam

282 2403 312 2461 in
334 2403 445 2462 bonam
468 2412 591 2480 partem,
614 2413 646 2464 ut
664 2423 688 2478 2,
707 2405 754 2482 89,
772 2423 805 2480 4;
828 2409 973 2485 principes
995 2410 1045 2468 viri
1063 2409 1180 2468 hortatu
1202 2407 1338 2485 principis
1361 2407 1399 2466 ad
1423 2425 1530 2464 ornan·

281 2503 352 2563 dam
374 2506 477 2564 urbem
499 2505 587 2566 illecti
608 2515 684 2567 sunt.
729 2507 773 2567 cf.
797 2509 893 2572 Varro
915 2510 993 2570 del.
1015 2511 1042 2568 1.-
1058 2509 1085 2581 6,
1108 2507 1243 2587 9ξ94;
1267 2517 1299 2569 ut
1320 2509 1447 2586 populus
1469 2509 1530 2568 inli-

281 2609 375 2666 ciatur
397 2607 436 2666 ad
457 2609 646 2684 magistratus
668 2619 866 2688 conspectum.

367 2709 542 2770 Illurninare
564 2710 704 2771 translate
727 2711 829 2772 dicitur
851 2730 904 2790 pro
922 2731 968 2783 eo,
991 2712 1070 2790 quod
1092 2721 1136 2774 est
1154 2716 1207 2772 cele
1182 2714 1338 2784 lebrarer,
1362 2711 1401 2782 1-8,
1426 2675 1457 2787 3.
1482 2715 1531 2770 6121

282 2810 403 2872 Thebas
431 2831 521 2871 unum
548 2830 581 2872 os
603 2813 721 2876 Pindari
747 2815 936 2885 illuminaret;
965 2831 994 2886 2,
1018 2815 1069 2885 66,
1093 2831 1122 2891 5:
1150 2833 1246 2874 rerum
1273 2824 1397 2875 naturae
1424 2833 1529 2892 corpus

282 2912 451 2988 eloquentia
472 2914 652 2974 illuminavit.

368 3013 491 3090 Implere
513 3015 655 3075 translate
676 3018 792 3092 ponitur
810 3037 863 3094 pro
879 3021 968 3094 plane
989 3021 1144 3103 explicare,
1166 3029 1307 3095 exponere
1329 3018 1381 3086 vel,
1404 3025 1438 3075 ut
1459 3018 1531 3076 alias

284 3115 394 3186 dicunt,
417 3117 580 3175 exhaurire
601 3132 626 3189 2,
651 3133 714 3193 103,
736 3135 768 3191 4:
787 3119 832 3176 vix
855 3121 884 3178 in
905 3121 955 3179 illo
974 3122 1052 3198 justo
1075 3139 1162 3196 opere
1184 3120 1301 3180 abunde
1323 3120 1457 3196 persequi
1480 3139 1531 3196 po·

284 3216 414 3286 terimus,
437 3217 546 3277 nedum
568 3217 614 3278 hic
636 3219 765 3296 implere.
805 3219 879 3280 Vide
901 3239 978 3298 quae
1000 3222 1197 3298 Schultingius
1218 3223 1257 3281 ad
1274 3219 1341 3288 Sen.
1359 3229 1491 3280 controv.
1513 3239 1531 3278 1.

285 3322 314 3394 p.
339 3334 392 3395 107
415 3318 583 3380 doctissime
604 3320 641 3380 de
663 3323 748 3382 variis
774 3322 914 3398 implendi
936 3323 1194 3398 significationibus
1221 3323 1385 3399 disputavit.
1407 3353 1448 3365 -
1470 3323 1538 3396 Ine,

278 3423 360 3497 plere
378 3421 458 3499 alqm
476 3422 579 3481 dicitur
597 3440 663 3500 pro:
686 3427 746 3483 orr's
757 3425 865 3500 figura
882 3427 958 3501 alqm
970 3426 1054 3500 plene
1069 3427 1243 3507 perfecteque
1260 3427 1376 3504 referre
1389 3440 1413 3494 2,
1433 3439 1478 3500 95,
1500 3441 1528 3500 3:

285 3539 352 3580 cum
370 3523 478 3583 Paulus
501 3524 546 3582 vix
564 3533 663 3599 posset
685 3521 806 3603 implere
824 3525 975 3586 censorem
1000 3521 1032 3604 [i.
1055 3546 1081 3587 e.
1104 3529 1161 3586 vim
1184 3527 1435 3587 etauctoritatem
1458 3544 1528 3586 cen·

288 3624 361 3682 soris
383 3623 469 3699 plene
491 3623 655 3704 praestare]
685 3625 767 3702 (Plin.
791 3646 846 3704 ep,
869 3629 952 3699 Tan,
984 3628 1020 3687 cf.
1043 3629 1183 3689 Boettich.
1206 3630 1289 3688 lexic.
1311 3628 1384 3688 Tac.
1406 3645 1434 3702 p.
1456 3613 1535 3702 244).Ι

369 3725 554 3800 Instinguere
575 3727 692 3805 alqm
679 3749 708 3787 rn
735 3727 845 3788 bellum
872 3730 1031 3790 insolenter
1060 3717 1164 3790 dicitur
1190 3749 1243 3807 pro
1268 3729 1389 3790 incitare
1409 3727 1447 3786 ad
1468 3729 1529 3786 bel-

284 3825 345 3884 lum
370 3843 393 3896 1,
418 3843 457 3896 12,
483 3844 508 3886 r:
535 3829 671 3888 instincta
692 3830 722 3888 in
745 3831 855 3889 bellum
877 3831 998 3891 Achaia
1043 3831 1135 3891 Paulo
1157 3850 1245 3910 supra
1267 3831 1405 3892 invenies:
1427 3829 1528 3888 Corin·

284 3927 380 3986 thiis
372 3947 401 3986 rn
423 3927 532 3987 bellum
553 3932 776 4005 instigantibus.

296 4019 299 4025 ’
369 4028 565 4105 Interpretari
584 4033 653 4108 2196
673 4044 727 4109 pro
745 4034 814 4110 alqa
836 4054 868 4094 re
889 4052 914 4106 2,
938 4035 983 4111 83,
1005 4051 1035 4094 2;
1059 4035 1244 4095 clementiam
1266 4035 1380 4095 victoris
1402 4053 1453 4111 pro
1474 4053 1527 4096 sua

284 4131 389 4191 virtute
415 4132 659 4209 interpretabatur
680 4134 707 4212 (i.
730 4155 755 4196 e.
779 4139 964 4198 clementiam
991 4138 1107 4198 victoris
1129 4137 1263 4198 Caesaris
1286 4156 1345 4198 non
1367 4155 1419 4214 pro
1439 4137 1538 4200 bene-¹

285 4233 350 4291 ficio
372 4233 512 4304 habebat,
540 4235 591 4294 sed
613 4253 645 4296 se
666 4237 770 4298 virtute
795 4257 849 4298 sua
871 4258 890 4299 a
913 4238 1040 4299 Caesare
1062 4247 1194 4316 spectata
1221 4257 1287 4298 eam
1314 4240 1450 4300 meruisse
1472 4240 1526 4298 diei

285 4332 420 4411 volebat).
456 4335 501 4394 cf.
524 4337 603 4412 Sulp.
626 4337 688 4397 Sev.
710 4339 811 4400 chron.
834 4358 860 4412 2,
883 4357 934 4418 40,
959 4358 984 4400 1:
1007 4341 1186 4418 quinetiam
1209 4340 1353 4418 synodum
1370 4340 1538 4430 Nicaenam}

285 4455 339 4514 pro
362 4455 393 4498 se
415 4438 649 4515 interpretantes.
672 4469 712 4484 -
734 4441 931 4517 Interpretari
949 4444 1099 4504 victoriam
1122 4450 1153 4502 nt
1173 4461 1258 4503 suam
1280 4459 1305 4514 2,
1328 4442 1377 4514 80,
1398 4459 1422 4502 2.
