3086 5118
782 300 1067 360 -54...

263 473 392 544 omnino
412 491 466 550 pro
483 465 667 542 excellenter,
695 473 846 548 nzogm'fice
872 473 989 548 ponitur
1017 490 1042 542 1,
1066 471 1097 542 6,
1122 488 1152 546 3:
1184 470 1288 547 Sparta
1317 469 1512 529 excelsissime

262 567 367 633 floruit.
400 599 402 604 ·

350 677 474 752 Proprie
492 677 635 750 significat
647 679 809 751 praecipue,
828 678 859 734 in
876 679 992 751 priori,
1011 676 1070 735 sive
1089 682 1121 733 ut
1138 677 1226 750 vulgo
1243 675 1413 752 loquuntur
1428 676 1512 730 slrr'clo

262 799 346 837 sensu
368 794 392 848 2,
412 794 439 852 9,
458 793 488 847 2;
512 775 545 835 C.
563 777 678 836 Mucius
697 778 768 854 juris
790 778 912 836 scientia
934 795 1023 853 quam
1045 779 1160 853 proprie
1185 777 1380 853 eloquentiae
1403 775 1512 832 nomine

264 879 405 938 celebrior
427 878 489 938 fuit.
525 878 570 938 Cf.
588 879 669 937 Kritz
692 878 731 937 ad
746 879 822 938 Vell.
844 894 869 948 2,
888 895 916 955 9,
939 894 968 947 2;
991 879 1147 939 Frotscher
1165 877 1205 937 ad
1223 877 1325 950 Quint.
1350 893 1398 946 10,
1421 892 1510 947 1,114.

353 979 573 1051 Quantum...
591 986 700 1038 tontum
723 998 790 1040 cum
813 980 919 1056 snperl.
942 983 1082 1057 reperitur
1105 997 1130 1052 2,
1155 998 1193 1052 11,
1219 998 1244 1039 1:
1266 989 1422 1058 quantum
1445 978 1511 1035 bello

265 1081 400 1156 optimus,
424 1090 538 1141 tanturn
561 1099 636 1158 pace
657 1083 808 1159 pessimus.
844 1082 991 1160 Sequente
1013 1085 1135 1158 positiva
1157 1083 1252 1142 iorma
1273 1082 1417 1160 adjectivi
1433 1079 1511 1152 Verg.

264 1201 366 1259 georg.
389 1200 417 1257 4,
442 1200 490 1242 101
498 1201 505 1254 ;
528 1183 602 1243 Hor.
625 1192 680 1243 sat.
702 1200 728 1255 2,
750 1199 776 1260 5,
799 1184 848 1245 80.

351 1284 522 1356 Solebam,
550 1285 629 1363 quod
652 1287 730 1362 apud
752 1297 863 1348 veteres
892 1290 1046 1366 scriptores
1074 1289 1187 1358 dicitur,
1215 1288 1264 1346 ubi
1287 1285 1325 1346 de
1350 1282 1511 1344 valetudine

267 1388 397 1465 corporis
420 1389 580 1464 quaeritur,
605 1387 666 1464 jam
688 1388 756 1448 inde
778 1407 797 1448 a
818 1389 901 1448 Livio
923 1409 974 1467 per
996 1391 1220 1449 translationem
1241 1390 1364 1467 ponitur
1388 1404 1445 1463 pro
1466 1388 1512 1442 uti·

263 1492 336 1559 hier,
349 1491 491 1548 ·commode
513 1505 538 1559 2,
560 1488 608 1564 89,
632 1506 664 1565 4:
687 1490 768 1566 leges
790 1491 869 1550 latae
890 1501 958 1551 sunt
979 1493 1141 1552 salubriter.

351 1588 484 1666 Segmler
506 1587 630 1666 (semper
652 1591 754 1650 addita
775 1593 933 1666 negatione
954 1589 1021 1671 non)
1043 1609 1068 1664 2,
1092 1592 1140 1670 69,
1163 1610 1191 1651 2:
1214 1610 1276 1651 non
1297 1591 1436 1666 segniter
1458 1607 1510 1646 cer·

261 1693 357 1750 ricem
376 1691 458 1760 dare;
483 1708 507 1762 a
526 1691 570 1768 87,
591 1709 617 1750 1:
640 1710 700 1751 non
722 1694 850 1768 segniter
872 1711 905 1752 se
921 1695 1086 1764 interemit
1101 1713 1161 1754 non
1179 1695 1297 1770 segnius
1316 1711 1350 1753 se
1370 1691 1508 1751 interemit

265 1809 296 1863 2,
320 1793 352 1864 6,
376 1793 408 1864 6;
431 1789 491 1853 11911
513 1795 632 1870 segnius
654 1798 712 1854 vita
734 1796 855 1866 abita,
878 1812 922 1872 55,
945 1812 961 1872 5
983 1796 1081 1874 (Nep.‚
1104 1797 1185 1867 sall,
1208 1793 1262 1873 al.).

351 1895 476 1972 Specrose
498 1897 516 1955 i.
539 1916 562 1956 s.
585 1915 613 1974 q.
636 1906 742 1968 ornate,
765 1900 917 1975 magnifice
939 1915 963 1969 2,
986 1915 1032 1977 45,
1055 1916 1085 1975 3:
1107 1900 1189 1975 cujus
1211 1899 1317 1956 domus
1340 1897 1475 1974 speciose
1493 1911 1507 1950 a

268 2006 372 2058 senatu
393 1999 527 2058 restituta
544 2009 589 2059 est
615 1999 696 2074 (Plin.
720 2001 748 2058 h.
771 2019 800 2059 n.
823 2017 871 2077 35,
895 2015 911 2076 7
933 1998 996 2077 (31),
1020 1999 1073 2078 49:
1104 2001 1235 2076 speciose
1257 1999 1339 2076 vehi).
1387 1998 1507 2071 Compa-

263 2102 371 2160 rativus
389 2101 473 2180 hujus
492 2102 620 2161 adverbii
638 2109 732 2162 exstat
749 2103 828 2180 apud
844 2102 1009 2173 Horatium,
1028 2103 1150 2173 Livium,
1169 2103 1256 2173 ali0s;
1274 2101 1420 2179 superlat.
1438 2096 1506 2174 apud

266 2203 351 2261 Auct.
374 2204 402 2261 b.
426 2203 514 2262 Afric.
536 2203 586 2278 48,
610 2203 641 2276 6;
664 2204 746 2275 Sall,
769 2206 843 2274 Lim,
868 2206 905 2264 al.

350 2303 476 2363 Subr'nde
498 2324 563 2382 pro:
587 2307 692 2376 crebro,
710 2318 765 2382 per
788 2309 940 2366 mtervallo
963 2324 987 2377 2,
1011 2305 1056 2382 65,
1081 2323 1107 2364 1:
1130 2325 1198 2366 cum
1220 2307 1369 2366 Antonius
1392 2300 1506 2364 subinde

265 2402 423 2464 Caesarem
446 2406 616 2465 admoneret
639 2405 724 2485 (Lim,
747 2407 825 2478 Col,
848 2407 922 2466 Plin.
945 2427 1003 2484 ep,
1026 2403 1125 2484 Suet).

359 2506 443 2564 Ultro
469 2507 559 2566 semel
586 2508 665 2584 apud
687 2508 832 2586 Vellejum
858 2503 1003 2581 exstate,
1029 2526 1094 2581 120,
1117 2509 1148 2568 6:
1180 2510 1254 2569 ‘ultro
1276 2510 1419 2569 Rhenum
1446 2521 1504 2566 cum

267 2608 394 2666 exercitu
421 2608 639 2685 transgreditur.
679 2610 726 2670 De
752 2611 780 2668 vi
801 2618 831 2670 et
848 2630 903 2670 usu
926 2613 1013 2690 hujus
1027 2613 1106 2672 vocis
1129 2612 1230 2672 videas
1247 2611 1387 2671 Doederl.
1405 2610 1503 2686 Synon.

262 2709 328 2767 Lat.
351 2710 406 2768 111.
432 2730 461 2788 p.
487 2726 538 2772 102
557 2722 586 2772 et
610 2728 673 2783 110;
695 2711 837 2784 Boettich.
860 2712 942 2773 lexic.
961 2707 1034 2772 Tac.
1054 2733 1082 2790 p.
1100 2730 1171 2788 4743
1194 2713 1275 2773 Kritz
1297 2713 1336 2772 ad
1357 2712 1430 2772 Sall.
1447 2709 1503 2789 Jug.

266 2825 305 2885 15,
326 2827 348 2868 ¹·
367 2831 396 2887 P·
419 2829 466 2888 93·
1211 2818 1213 2822 ¹

356 2913 460 2972 Volide.
505 2915 594 2975 Hanc
619 2916 737 2994 plenam
765 2916 891 2977 sormam
913 2912 1042 2994 Vellejus
1069 2935 1185 2994 semper
1212 2924 1345 2993 usurpat,
1379 2914 1458 2974 velut
1481 2925 1500 2975 2,

261 3029 310 3089 29,
333 3029 362 3090 5:
386 3016 479 3075 timeri
500 3017 634 3090 validius;
657 3034 682 3088 2,
705 3018 750 3095 98,
773 3036 804 3094 3:
826 3019 947 3080 validius
970 3019 1090 3095 diligere
1107 3017 1218 3097 (Plaut,
1241 3018 1323 3100 Cael.
1346 3015 1428 3095 apud
1446 3011 1499 3071 Cic.

262 3114 333 3174 sam.
355 3115 387 3187 8,
410 3134 439 3189 2,
465 3133 490 3188 13
513 3119 586 3179 Plin.
608 3119 673 3196 ep).

357 3218 442 3278 Varie
463 3239 517 3298 pro
538 3224 623 3280 norro
638 3225 771 3301 foriano
793 3223 944 3294 diciturz,
967 3224 1012 3299 38,
1035 3241 1067 3299 4:
1090 3224 1236 3300 Hispania
1258 3223 1337 3283 varie
1358 3228 1502 3298 possessa5

265 3339 316 3396 per
337 3324 560 3383 translationem
587 3333 755 3401 usurpatur,
783 3326 833 3384 ubi
859 3325 897 3384 de
923 3327 1051 3385 moribus
1078 3335 1107 3385 et
1133 3325 1230 3385 indole
1251 3326 1361 3384 Tiberii
1383 3317 1502 3383 Neronis

265 3442 361 3484 sermo
387 3425 419 3484 fit
440 3441 469 3493 2,
495 3441 558 3496 101,
583 3443 608 3484 1:
639 3435 700 3487 tam
726 3429 804 3486 varie
831 3446 862 3488 se
888 3428 977 3504 gessit
1003 3425 1029 3506 (1.
1054 3447 1079 3487 e.
1101 3438 1162 3488 tam
1185 3429 1280 3488 varios
1302 3429 1333 3487 in
1354 3433 1517 3497 unamque.

264 3535 377 3604 partem
400 3528 430 3586 in
452 3525 562 3586 bonam
584 3537 614 3588 et
635 3530 664 3587 in
687 3530 798 3588 malam
820 3530 1003 3590 discedentes
1025 3546 1121 3589 mores
1143 3547 1214 3605 prae
1237 3547 1268 3588 se
1290 3527 1371 3605 tulit).

354 3628 466 3688 Vr'rr‘to'rn
485 3648 537 3706 per
554 3630 778 3691 translationem
796 3632 899 3691 dicitur
916 3649 969 3708 pro
987 3634 1160 3700 nominatim,
1183 3633 1352 3707 singulatim
1371 3647 1396 3700 2,
1417 3626 1457 3696 16,
1474 3636 1498 3696 32

262 3712 362 3807 ipsum
379 3732 483 3789 viritim
506 3732 621 3791 civitate
643 3733 784 3792 donando
805 3731 887 3806 (Hor.
907 3751 952 3809 ep.
976 3750 999 3804 2,
1021 3751 1042 3803 1,
1062 3749 1110 3810 92;
1132 3732 1201 3792 Sall.
1224 3733 1291 3812 Jug.
1310 3749 1357 3808 49,
1376 3749 1410 3805 4;
1433 3725 1499 3790 Col,

261 3832 334 3891 Plin.
356 3833 438 3910 maj„
462 3831 528 3894 Sen.
551 3835 633 3911 phil,
652 3833 739 3904 Tac,
763 3831 864 3911 Cure).
1287 3824 1291 3831 ¹

631 4174 695 4246 De
721 4174 874 4247 ratione
901 4173 1138 4270 syntectica.

345 4344 448 4404 Restat
468 4345 538 4422 jam,
562 4352 700 4423 utquam
723 4345 753 4403 in
775 4344 888 4422 syntaxi
911 4346 1054 4404 rationem
1078 4354 1194 4405 secutus
1213 4346 1248 4405 sit
1262 4345 1390 4423 Vellejus
1407 4341 1496 4401 videa·

260 4463 335 4506 mus.
378 4445 434 4505 Sed
457 4446 597 4522 quoniam
619 4464 721 4505 earum
748 4464 857 4517 rerum,
886 4464 962 4522 quae
984 4446 1022 4506 ad
1044 4447 1101 4506 hoc
1122 4464 1215 4523 genus
1241 4448 1416 4523 pertineant,
1439 4445 1493 4520 jan
