3086 5118
571 1090 811 1182 VITA.
892 1172 899 1182 .

652 1249 657 1257 ο

650 1283 732 1290 ο...-

149 1385 296 1445 Henricus
319 1385 453 1460 Georges
476 1397 563 1445 natus
586 1404 651 1462 sum
674 1383 792 1443 Gothae
814 1403 893 1442 anno
920 1386 1003 1462 hujus
1026 1388 1132 1444 saeculi
1155 1387 1211 1445 LII
1234 1389 1319 1444 tertio

51 1488 111 1546 die
138 1489 247 1546 mensis
274 1488 350 1565 Junil
377 1497 462 1563 patre
489 1487 597 1546 Carolo
624 1487 761 1555 Ernest0,
793 1486 1017 1563 lexicographo,
1049 1496 1144 1546 matre
1171 1488 1318 1553 Carolina,

54 1609 75 1648 e
109 1599 198 1664 gente
225 1588 348 1648 Hunnia
374 1589 512 1659 oriunda,
543 1589 647 1664 quibus
674 1587 791 1662 optimis
822 1588 993 1662 parentibus
1019 1595 1051 1646 ut
1078 1607 1210 1648 summus
1237 1590 1318 1647 Deus

52 1708 153 1767 quam
176 1691 379 1764 longissimam
402 1699 430 1747 et
452 1690 645 1749 laetissimam
668 1689 757 1746 vitam
781 1689 935 1764 impertiat,
959 1691 1044 1749 enixe
1066 1708 1178 1766 precor.
1214 1690 1317 1748 Fidem

55 1793 203 1867 profiteor
224 1791 437 1867 evangelicam.
473 1791 576 1849 Primis
598 1790 761 1848 litterarum
779 1789 932 1848 elementis
949 1793 1077 1849 imbutus
1101 1792 1204 1850 decem
1224 1810 1318 1850 annos

54 1902 150 1952 natus
167 1895 241 1951 inter
256 1893 412 1968 discipulos
422 1893 566 1968 gymnasii
575 1890 720 1950 Ernestini
730 1890 862 1949 Gothani
876 1903 1010 1968 receptus
1025 1911 1099 1963 sum,
1113 1894 1193 1969 quod
1208 1902 1319 1951 rectore

56 1995 86 2072 J.
108 1995 313 2070 Marquardto,
336 1995 398 2052 viro
420 1993 596 2061 doctissimo,
620 1993 821 2062 illustrissime,
845 1993 1055 2053 humanissimo
1074 1995 1166 2064 floret,
1189 1996 1271 2070 cujus
1289 2004 1318 2051 et

54 2097 201 2154 Friderici
233 2095 360 2171 Bergeri,
384 2104 413 2154 et
445 2094 562 2153 Ottonis
595 2094 761 2153 Schneideri
792 2102 909 2171 praeter
935 2105 1047 2155 ceteros
1075 2098 1103 2154 in
1136 2114 1184 2154 me
1215 2095 1318 2153 merita

54 2196 239 2256 celebranda
261 2205 337 2255 sunt.
382 2196 496 2255 Novem
519 2198 603 2254 annis
625 2205 692 2271 post
718 2214 798 2255 anno
820 2196 848 2253 h.
871 2215 894 2254 s.
917 2197 1015 2255 LXXI
1038 2197 1213 2256 maturitatis
1240 2199 1318 2255 testi·

57 2299 164 2356 monio
187 2299 316 2357 munitu's
339 2296 544 2358 Universit'atis
572 2297 733 2356 litterarum
756 2296 959 2372 Gottingensis
981 2301 1085 2357 civium
1114 2316 1238 2356 numero
1266 2299 1318 2356 ad—

59 2400 188 2475 scriptus
211 2417 286 2457 sum.
331 2401 365 2457 In
388 2399 629 2475 philosophorum
655 2399 788 2457 ordinem
811 2400 921 2459 relatus
945 2418 997 2476 per
1019 2410 1145 2477 quatuor
1168 2401 1319 2458 semestria

57 2503 123 2560 adii
146 2502 261 2561 scholas
284 2503 410 2561 virorum
430 2501 679 2560 doctissimorum:
703 2498 740 2558 Ο.
759 2501 937 2571 Hirschfeld,
960 2502 995 2560 E.
1015 2521 1040 2560 v.
1058 2502 1196 2572 Leutsch,
1220 2501 1318 2572 Lotze,

59 2603 112 2660 W.
136 2603 276 2672 Mueller,
303 2604 433 2679 Sauppe,
457 2602 490 2661 C.
515 2601 716 2660 Waehsmuth.
761 2601 816 2659 Per
843 2619 934 2660 unum
957 2612 1097 2661 semestre
1118 2605 1320 2678 proseminarii

59 2716 94 2764 et
117 2723 170 2780 per
191 2707 246 2764 tria
270 2707 420 2765 semestria
448 2705 597 2764 seminarii
619 2704 787 2780 philologici
810 2705 926 2762 interlui
948 2705 1216 2774 exercitationibus,
1240 2705 1320 2780 quod

58 2807 161 2864 floruit
183 2809 236 2864 sub
259 2807 393 2880 auspiciis
420 2804 619 2880 professorum
642 2805 681 2862 ill.
704 2803 738 2862 E.
762 2824 789 2861 v.⁷
809 2804 944 2874 Leutsch,
967 2805 1093 2881 Sauppe,
1118 2805 1319 2862 Wachsmuth.

148 2907 263 2965 Deinde
281 2906 387 2983 Jenam
410 2923 457 2963 me
479 2906 588 2964 contuli
610 2906 708 2980 ibique
726 2924 777 2981 per
799 2905 858 2964 d'uo
877 2908 1027 2965 semestria
1045 2905 1161 2965 scholas
1184 2905 1319 2981 frequen·

57 3008 122 3068 tavi
140 3009 267 3067 virorum
290 3008 525 3067 doctissimorum
539 3007 671 3090 Bursian²
692 3006 896 3085 Gaedechens,
913 3008 1089 3086 Nipperdey,
1108 3006 1164 3066 Ad.
1180 3007 1318 3076 Schmidt,

60 3111 161 3168 Maur.
185 3109 325 3180 Schmidt,
349 3108 476 3166 Wittich.

149 3211 295 3271 Omnibus
322 3220 422 3270 autem
449 3211 505 3280 his,
539 3227 664 3286 quorum
692 3210 798 3269 scholis
830 3211 959 3281 interlui,
992 3211 1058 3269 viris
1087 3209 1205 3270 doctissi
1248 3229 1261 3269 s
1290 3219 1319 3270 et

59 3332 179 3372 summe
201 3315 383 3384 venerandis,
407 3315 518 3390 gratias
542 3330 600 3386 ago
623 3331 714 3388 quam
736 3331 857 3386 possum
880 3313 1032 3372 maximas.

148 3416 218 3475 Post
254 3417 316 3474 dies
348 3415 501 3492 paschales
538 3415 608 3472 anni
641 3412 909 3472 MDCCCLXXIV
940 3412 1070 3472 Gotbam
1103 3432 1116 3470 r
1153 3431 1218 3472 erso
1250 3412 1319 3471 mihi

60 3515 208 3575 Kalendis
227 3515 406 3574 Octobribus
425 3516 563 3592 adjutoris
583 3532 690 3572 munus
711 3515 740 3571 in
759 3516 935 3575 bibliotheca
959 3515 1056 3574 ducali
1104 3517 1216 3573 othana
1238 3516 1319 3574 dela·

60 3628 126 3677 tum
149 3626 201 3676 est:
