3086 5118
606 256 844 322 -45···.

82 422 188 500 Velleji
206 425 422 500 interpretibus,
446 436 477 484 ut
499 445 517 484 a
535 427 620 505 Janio
643 435 672 486 et
689 427 825 498 Krausio‚
848 447 901 506 pro
919 429 1046 504 genitivo
1064 428 1235 488 substantivi
1253 429 1353 489 actus²

82 523 221 584 habitum
246 534 275 585 et
297 545 364 586 curn
387 529 508 597 ,incesti‘
531 531 720 608 conjunctum
742 549 805 590 esse
826 531 912 590 valde
934 532 1031 589 miror.

163 627 347 704 Aggregare
363 619 514 706 ¹sequente
541 631 647 707 duplici
673 633 842 691 accusativo
869 649 898 703 2,
926 648 973 709 53,
1002 649 1031 690 1:
1063 649 1137 708 quos
1166 636 1286 694 comites
1309 636 1336 694 ei

81 729 202 788 fortuna
226 739 451 806 aggregaverat.
1206 729 1208 734 ’

166 831 374 907 Alloqu13vox
395 851 463 893 raro
486 852 504 894 a
527 835 672 895 veteribus
695 836 882 911 scriptoribus
905 845 1045 912 usurpata
1068 834 1116 913 (cf.
1139 834 1198 894 Cic.
1221 835 1338 894 Cluent.

77 931 118 1000 61,
144 945 216 1006 r7o;
242 934 299 992 hoc
317 951 377 993 uno
394 934 461 993 loco
479 936 508 994 in
531 937 712 996 orationibus
730 935 844 1012 exstat),
861 957 879 997 a
897 939 1084 1014 scriptoribus
1103 955 1212 996 aureae
1230 939 1337 996 aetatis

77 1033 268 1110 frequentata
299 1045 351 1094 est.
396 1037 472 1096 Vell.
500 1053 525 1109 2,
553 1036 598 1108 62,
626 1053 656 1115 5:
688 1038 797 1116 alloqui
821 1039 925 1098 milites
953 1037 1027 1114 (Sen.
1050 1038 1133 1114 phil,
1160 1039 1233 1098 Plin.
1255 1041 1334 1116 maj,

77 1135 189 1207 Quint,
216 1135 301 1208 Tac,
320 1137 416 1214 Suet).

164 1240 280 1298 Artare
306 1239 408 1302 latiore
431 1241 642 1316 significatione
670 1241 772 1324 dicitur
800 1260 853 1318 pro
880 1243 1068 1316 restringere,
1091 1245 1246 1316 angustius
1267 1244 1338 1317 alqd

68 1339 179 1416 secere
199 1359 387 1417 quacumque
404 1343 517 1404 ratione
535 1343 708 1419 plerumque
726 1344 755 1402 in
773 1344 874 1418 partic.
894 1342 966 1419 perf.
984 1360 1061 1418 pass.
1079 1352 1190 1401 artatus
1201 1360 1222 1413 1,
1244 1342 1285 1408 16,
1305 1360 1335 1401 2:
1420 1411 1421 1416 η

78 1447 212 1500 artatum
236 1442 377 1519 spatium
402 1461 423 1514 1,
448 1443 489 1514 16,
513 1458 542 1519 5:
565 1444 641 1503 adeo
664 1451 791 1504 artatum
814 1447 956 1521 angustiis
978 1453 1157 1521 temporum,
1184 1452 1217 1503 ut
1243 1463 1332 1503 nemo
1369 1432 1371 1436 ¹

77 1542 187 1618 dignus
213 1551 282 1614 etc.;
305 1561 330 1612 2,
356 1560 398 1615 ro,
422 1562 451 1604 2:
477 1548 518 1605 ita
541 1555 636 1605 artata
657 1563 779 1605 numero
801 1545 936 1616 felicitas;
963 1563 988 1615 2,
1012 1545 1060 1615 86,
1085 1563 1111 1605 ιε
1139 1547 1202 1623 quis
1224 1548 1254 1605 in
1277 1547 1335 1606 hoc

76 1654 252 1706 transcursu
273 1654 335 1705 tam
355 1648 442 1706 artati
464 1648 559 1723 operis
578 1649 739 1724 exprimere
756 1646 887 1707 audeat?
920 1647 964 1707 Cf.
973 1648 1036 1706 Liv.
1046 1664 1092 1724 45,
1111 1648 1155 1725 36,
1176 1666 1206 1724 3:
1230 1657 1333 1708 contra

78 1747 105 1804 in
128 1749 282 1823 praemiis,
305 1749 335 1807 in
356 1748 514 1808 honoribus
536 1751 637 1809 omnia
658 1758 762 1809 artata.

162 1851 303 1908 Attollere
320 1851 504 1921 vocabulum,
523 1869 582 1929 quo
600 1853 717 1928 saepius
735 1859 842 1928 poetae
860 1859 890 1910 et
906 1851 1005 1910 Liuius
1023 1851 1068 1909 usi
1085 1861 1161 1922 sunt,
1180 1871 1199 1910 a
1217 1853 1335 1929 Vellejo

33 1937 39 1956 '
75 1953 224 2012 translata
247 1953 459 2028 significatione
481 1963 636 2031 usurpatur
658 1972 712 2030 pro
734 1963 779 2028 e'o,
802 1954 881 2031 quod
898 1955 977 2030 apud
995 1953 1168 2013 Ciceronem
1190 1952 1272 2027 (Phil.
1293 1971 1331 2024 11,

78 2068 118 2125 14,
143 2051 195 2132 36)
220 2064 265 2113 est
285 2073 392 2115 ornare
414 2072 439 2132 2,
466 2054 511 2131 65,
541 2073 565 2114 r:
597 2064 708 2133 quanto
731 2055 879 2116 Ciceronis
908 2055 1003 2114 studio
1025 2054 1131 2114 Brutus
1154 2055 1332 2132 Cassiusque

77 2156 284 2216 attollerentur
307 2154 426 2235 (Quint,
446 2157 527 2224 Tac..
550 2158 592 2217 Pl.
615 2155 680 2234 ep).

163 2261 280 2318 Ardere
306 2260 381 2337 alql.
402 2275 426 2330 2,
454 2275 550 2332 24,1;
577 2276 601 2331 2,
625 2273 670 2335 47,
700 2275 726 2328 r;
758 2277 783 2331 2,
806 2259 851 2336 56,
875 2275 909 2338 4;
937 2277 961 2330 2,
985 2259 1028 2330 (ιι,
1057 2277 1068 2318 ι
1096 2249 1225 2335 (Poetae,
1253 2259 1333 2329 Sall,

77 2357 149 2431 Liv,
169 2359 264 2438 Tac).
296 2361 398 2421 Cicero
420 2361 476 2421 hoc
493 2363 669 2422 vocabulum
691 2364 842 2440 conjungit
860 2381 927 2421 cum
950 2363 1097 2420 infinitivo.
1109 2392 1147 2404 -
1159 2381 1247 2420 ausus
1264 2379 1332 2438 pas·

78 2461 139 2519 siva
160 2464 189 2522 vi
213 2464 354 2540 accipitur
371 2464 449 2539 apud
468 2464 594 2539 primum
611 2463 757 2543 Vellejum
775 2481 800 2535 2,
823 2463 872 2536 80,
895 2482 926 2540 3:
949 2482 1008 2523 non
1027 2483 1045 2524 a
1062 2465 1243 2541 Scipionibus
1253 2465 1336 2540 quic-

77 2580 172 2638 quam
192 2583 296 2624 ausum
315 2574 521 2642 patratumque
541 2566 641 2625 fortius
660 2585 750 2643 quam
768 2572 838 2624 tunc
856 2586 874 2626 a
892 2567 1034 2636 Caesare;
1053 2583 1077 2638 2,
1088 2566 1133 2642 56,
1144 2583 1176 2639 4:
1194 2565 1335 2624 omnibus

78 2665 225 2726 audendis
248 2668 457 2742 paratissimus.
503 2666 547 2726 Cf.
575 2666 650 2727 Tac.
676 2687 745 2726 ann.
772 2684 802 2741 3,
827 2667 876 2743 67:
904 2669 982 2727 ausis
1009 2668 1047 2727 ad
1069 2667 1228 2726 Caesarem
1251 2667 1332 2726 codi-

78 2766 160 2828 cillis.
192 2771 281 2845 Apud
289 2770 350 2829 Liv.
360 2786 405 2845 39,
416 2769 442 2840 8,
454 2770 482 2839 8,
492 2789 581 2846 quem
595 2771 692 2830 locum
701 2771 834 2829 Klotzius
843 2771 936 2838 affert,
950 2788 1027 2828 nune
1037 2769 1142 2844 legitur
1156 2768 1333 2840 ,audebantt

80 2868 137 2931 Pro
158 2873 340 2932 substantivo
358 2873 500 2949 participii
518 2880 655 2931 neutrum
672 2889 778 2930 ausum
796 2871 931 2948 frequens
949 2882 1000 2942 est,
1020 2871 1150 2931 cf.Neue'
1167 2872 1207 2930 ΙΙ.
1225 2889 1253 2947 p.
1266 2886 1334 2945 333.
1396 2885 1401 2896 ’

169 2982 320 3034 auctorare
336 2991 402 3051 pro:
430 2976 551 3033 mercede
573 2975 642 3049 alqd
653 2976 826 3053 socr'endum
850 2977 990 3049 suscipere
1007 2979 1053 3034 vel
1066 2986 1179 3051 parare
1192 2990 1217 3043 2,
1237 2988 1284 3047 3ο,
1305 2989 1331 3030 1:

83 3071 125 3133 M.
148 3076 304 3152 Perpenna
327 3077 381 3136 sibi
403 3077 599 3153 turpissimam
622 3084 746 3135 mortem
764 3077 892 3152 pessimo
915 3077 1076 3136 auctoravit
1095 3076 1232 3134 facinore.
1264 3074 1334 3132 Hoc

81 3179 260 3237 vocabulum
286 3179 341 3238 nisi
367 3180 397 3238 in
424 3178 543 3254 perfecti
570 3179 675 3253 passivi
706 3176 802 3236 forma
828 3196 889 3236 non
921 3176 1081 3236 admodum
1113 3177 1248 3252 frequens
1279 3185 1331 3233 est.

81 3277 180 3339 Semel
208 3289 303 3340 exstat
329 3267 391 3339 ¹Liv.
419 3295 462 3356 37,
492 3295 536 3349 ιο,
564 3277 595 3349 8;
626 3279 742 3338 deinde·
760 3278 838 3356 apud
861 3278 945 3348 Hor„
969 3278 1035 3337 Sen.
1057 3279 1133 3353 phil,
1156 3277 1228 3336 Plin.
1251 3278 1332 3354 maj,

82 3379 193 3453 Quint..
965 3401 970 3406 ·
1326 3447 1330 3457 ¹

173 3483 274 3542 Cedere
296 3502 349 3560 pro
371 3501 407 3542 eo
426 3483 537 3553 dicitur,
560 3482 640 3559 quod
662 3489 706 3540 est
729 3483 807 3557 apud
826 3480 998 3544 Ciceronem
1015 3482 1167 3556 procedere
1193 3497 1218 3556 2,
1244 3497 1334 3554 14,1:

84 3583 166 3650 bene,
183 3592 289 3661 coepta
311 3586 389 3645 male
411 3583 568 3654 cedebant;
587 3600 612 3653 2,
637 3582 676 3652 18,
700 3598 731 3658 5:
754 3601 821 3642 curn
843 3584 919 3642 bene
941 3584 1074 3643 consulta
1097 3584 1124 3642 ei
1145 3585 1224 3642 male
1246 3583 1333 3642 cede·

85 3693 149 3744 rent
172 3685 270 3764 (Poet,
294 3686 381 3746 Corn.
404 3685 490 3762 Nep,
512 3679 599 3760 Sall).

73 3863 75 3870 Ι
175 3787 345 3860 Coalescere,
373 3788 452 3865 quod
480 3786 517 3846 de
544 3787 682 3868 membris
708 3796 759 3846 aut
781 3787 947 3846 vulneribus
970 3787 1142 3846 coeuntibus
1168 3793 1332 3862 usurpatur,
1390 3847 1393 3852 ,

85 3891 282 3968 metonymice
305 3899 399 3950 exstat
421 3907 445 3960 2,
470 3904 519 3965 90,
544 3907 571 3948 ιε
594 3873 825 3950 coalescentibus
847 3889 887 3948 rei
909 3888 1044 3964 publicae
1061 3887 1213 3964 membris3
1239 3895 1336 3946 trans·

84 3993 144 4052 late
156 3993 260 4052 dicitur
268 4010 293 4068 2,
303 3991 350 4067 48,
362 4007 394 4067 5:
405 3991 595 4052 coalescentis
605 3991 792 4050 condiciones
802 3992 883 4065 pacis
893 3989 1025 4048 discussit
1034 3989 1113 4066 (Lim,
1124 3985 1336 4062 Quint.,Tac.).

175 4093 300 4154 Condere
317 4078 448 4170 (Graece
465 4087 593 4170 κτίζειν)
623 4092 754 4152 colonias
780 4091 937 4151 insolenter
964 4109 982 4150 a
1010 4091 1122 4169 Vellejo
1150 4090 1253 4148 dicitur
1279 4108 1334 4165 pro

87 4197 195 4256 usitata
217 4198 367 4256 locutione
381 4196 526 4256 deducere
544 4195 676 4255 colonias
697 4191 742 4268 (cf.
761 4210 786 4264 2,
807 4211 848 4267 14,
869 4211 896 4265 1;
915 4183 1199 4253 deducere'colonos
1218 4209 1243 4263 2,
1261 4209 1288 4268 3,
1307 4193 1336 4266 3)

87 4300 135 4370 ita,
159 4309 191 4357 ut
212 4299 312 4375 imago
334 4299 413 4357 urbis
436 4299 608 4358 condendae
635 4297 734 4355 animo
758 4298 903 4373 scriptoris
931 4298 1086 4356 obversata
1112 4313 1176 4354 esse
1202 4295 1336 4354 videatur

89 4417 109 4471 1,
134 4418 174 4478 15,
199 4419 224 4460 1:
248 4420 307 4461 non
325 4403 437 4463 vacavit
455 4401 596 4460 Romanis
619 4399 747 4459 colonias
770 4399 906 4459 condere.
951 4399 1086 4459 Condere
1109 4398 1242 4468 insulam,
1265 4397 1284 4454 i.
1307 4413 1334 4454 e.
