3086 5118
733 301 936 381 ..42-

172 500 178 508 '
214 497 350 558 deflenda
371 505 424 556 est.
463 493 853 572 Ι0181111111Μ11126,
877 511 903 563 1;
934 493 1007 552 Plin.
1031 511 1075 568 ep.
1099 511 1127 570 9,
1149 511 1194 570 33,
1220 511 1261 564 11;
1293 493 1366 554 Tac.
1390 513 1474 554 ann.

214 616 241 674 3,
264 615 315 676 493
340 600 419 658 Suet.
442 598 505 659 Cal.
528 613 577 672 30.
1416 607 1418 610 ·

297 700 450 775 Depudere
471 700 516 758 vel
538 699 659 758 verbum
682 697 877 774 impersonale
898 699 1016 772 depudet
1034 699 1113 775 apud
1132 698 1276 776 Vellejum
1299 699 1395 766 solnm
1423 698 1475 756 di·

213 804 288 863 citur
309 820 362 880 pro
380 804 461 861 valde
477 803 566 878 pudet
582 817 606 872 2,
626 816 669 876 73,
689 817 719 874 3:
742 817 809 858 cum
832 817 899 859 eum
916 818 976 859 non
997 798 1159 875 ,depuderet
1175 799 1353 859 vindicatum
1371 801 1475 859 armis

213 924 250 964 ac
272 904 361 963 ductu
382 903 473 980 patris
495 902 540 962 sui
561 919 644 960 mare
665 900 807 960 infestare
827 901 955 976 piraticis
978 885 1143 960 sceleribus.
1188 899 1243 960 Ov.
1265 901 1326 960 her.
1353 919 1381 974 4,
1416 917 1474 976 155

213 1015 243 1064 et
264 1006 331 1064 Sen.
355 1023 435 1064 cons.
459 1023 521 1082 sap.
546 1019 585 1078 17,
609 1020 626 1079 3
649 1011 693 1062 est
714 1021 768 1079 pro
784 1004 893 1078 pudere
915 1004 1041 1061 desinere
1062 998 1128 1076 (Ov.
1151 1021 1209 1060 am.
1232 1020 1258 1078 3,
1284 1020 1321 1074 11,
1344 1020 1473 1076 4nunc

213 1108 335 1184 legitur:
358 1126 419 1166 non
440 1107 543 1184 puduit
565 1100 660 1181 ferre).

297 1211 389 1268 Ferre
408 1211 532 1285 preirent
555 1206 659 1265 dicitur
681 1223 734 1282 pro
755 1205 864 1264 usitata
882 1203 1046 1263 elocutione
1069 1203 1189 1274 ,fructus
1207 1204 1292 1264 ferre‘
1315 1222 1340 1276 2,
1363 1221 1410 1282 45,
1436 1222 1471 1264 2:

212 1319 402 1372 conservatae
424 1310 536 1387 patriae
558 1309 683 1384 pretium
705 1306 905 1365 calamitatem
927 1305 1004 1375 tulit;
1032 1322 1061 1376 2,
1080 1321 1128 1381 52,
1152 1323 1182 1380 5:
1200 1307 1280 1383 quod
1302 1307 1470 1366 voluntatis

216 1431 288 1472 suae
318 1414 444 1489 pretium
475 1409 552 1478 tulit;
579 1425 610 1479 2,
639 1422 701 1482 125,
731 1425 756 1464 1;
784 1408 848 1466 tulit
874 1415 903 1466 et
930 1407 988 1465 voti
1013 1416 1043 1464 et
1069 1407 1170 1466 consili
1196 1409 1240 1466 sui
1265 1410 1390 1485 pretium
1419 1427 1473 1468 res

212 1515 330 1591 publica
351 1498 429 1587 (Ter.
451 1511 542 1570 Andr.
566 1528 592 1587 3,
615 1525 641 1586 5,
665 1527 697 1584 4:
720 1527 777 1584 ego
799 1509 924 1584 pretium
947 1509 986 1566 ob
1008 1509 1160 1568 stultitiam
1182 1509 1265 1587 fero).

298 1616 402 1689 Fungi
421 1620 508 1672 morte
535 1600 690 1689 poetarum
712 1627 794 1669 more
816 1618 972 1687 usurpatur
994 1627 1019 1681 2,
1038 1628 1085 1688 49,
1107 1630 1132 1671 1:
1155 1611 1237 1672 fatali
1258 1621 1328 1672 ante
1350 1612 1469 1672 initium

214 1718 357 1776 bellorum
376 1716 501 1774 civilium
519 1720 613 1772 morte
631 1713 723 1772 functi
740 1719 816 1771 sunt.
847 1711 893 1770 Cf.
911 1713 1170 1790 Krebs·Allgayer‚
1188 1714 1341 1774 Antibarb.
1360 1716 1405 1774 ed.
1427 1715 1467 1772 V.

214 1837 242 1894 p.
261 1833 321 1894 494
340 1826 369 1876 et
391 1818 444 1876 sub
467 1833 538 1874 voce
560 1815 672 1886 ,11111111ι
695 1832 723 1889 p.
743 1811 810 1888 467.
834 1805 836 1812 ⁴

297 1919 454 1994 Imputare,
477 1915 557 1994 quod
580 1915 700 1973 verbum
724 1913 845 1973 Ovidius
867 1912 945 1992 (met.
967 1931 992 1986 2,
1015 1912 1090 1993 400)
1112 1917 1223 1976 videtur
1246 1935 1378 1986 novasse,
1399 1919 1465 1996 jam

207 2009 283 2081 ¹inde
305 2041 324 2080 a
347 2020 460 2097 Vellejo
483 2018 659 2096 frequentari
680 2025 819 2094 coeptum
843 2026 886 2076 est
913 1997 1018 2077 eadem
1041 2019 1259 2094 significatione,
1287 2039 1346 2097 qua
1372 2023 1468 2080 ascri-

216 2125 291 2195 bere,
313 2125 468 2197 assignare
490 2127 579 2197 atque
600 2119 630 2177 in
653 2118 764 2176 bonam
786 2120 867 2177 etin
886 2121 996 2179 malam
1018 2128 1133 2196 partem
1157 2130 1321 2198 usurpatur.
1359 2121 1468 2192 Exstat

217 2224 292 2282 Vell.
314 2239 338 2294 2,
361 2240 405 2298 23,
424 2240 457 2296 4:
479 2223 503 2282 si
529 2223 593 2298 quis
613 2219 670 2281 hoc
692 2221 852 2281 rebellandi
874 2231 989 2299 tempus
1007 2225 1132 2301 imputat
1153 2224 1386 2295 Atheniensibus,
1404 2225 1467 2282 veri

216 2326 336 2400 ignarus
358 2332 402 2383 est
422 2322 498 2399 (Sen.
521 2324 605 2401 phil.,
632 2321 748 2396 Quint,
771 2323 859 2396 Tac„
882 2324 956 2383 Plin.
979 2343 1025 2402 ep.
1044 2355 1085 2367 -
1098 2324 1187 2402 Apud
1205 2325 1325 2384 Celsum
1347 2327 1467 2404 propria

218 2425 428 2500 significatione
450 2423 583 2502 ponitur).

305 2526 432 2608 Jactari
451 2529 487 2586 de
509 2528 659 2587 laboribus
681 2536 710 2587 et
731 2529 879 2587 aerumnis
905 2529 935 2586 in
957 2529 1056 2605 primis
1083 2529 1120 2589 de
1146 2531 1291 2589 erroribus
1313 2529 1468 2589 maritimis

218 2629 330 2689 dicitur.
344 2648 369 2702 1,
392 2647 420 2701 2,
446 2646 477 2705 3:
502 2630 604 2706 jactati
635 2648 701 2688 curn
729 2631 814 2689 variis
841 2630 956 2688 casibus
988 2631 1089 2707 quinto
1115 2623 1229 2690 decimo
1259 2649 1339 2690 anno
1366 2629 1465 2690 sedem

218 2749 321 2808 cepere
339 2733 417 2791 circa
429 2732 559 2790 Lesbum
577 2732 712 2791 insulam.
746 2731 792 2791 Cf.
811 2732 901 2807 Verg.
919 2732 992 2791 Aen.
1013 2748 1035 2805 1,
1054 2750 1084 2808 3:
1106 2735 1194 2818 terris
1204 2735 1330 2813 jactatus
1348 2743 1376 2792 et
1395 2735 1466 2795 alto.

218 2833 304 2893 Adde
326 2834 386 2894 Cic.
408 2834 445 2892 de
467 2835 524 2892 inv.
547 2849 572 2904 2,
597 2851 640 2910 31,
657 2822 714 2911 195ς
736 2834 827 2893 Tusc.
850 2849 876 2910 5,
900 2851 925 2904 2,
948 2850 973 2910 5.

303 2933 412 2994 Moliri
439 2954 493 3012 pro
524 2943 671 2994 exstruere
702 2936 819 3011 ponitur
849 2936 1006 3012 praecipue
1037 2937 1074 2995 de
1105 2936 1255 3007 aedificiis
1287 2937 1336 2995 ubi
1366 2936 1464 2994 multis

218 3039 313 3114 operis
335 3038 539 3114 impensisque
555 3055 629 3114 opus
651 3045 699 3117 est
717 3037 805 3115 idque
827 3038 1003 3097 vocabulum
1025 3038 1106 3114 apud
1127 3046 1229 3114 poetas
1252 3038 1388 3097 classicos
1409 3036 1465 3096 fre·

220 3139 444 3216 quentissimum
475 3147 528 3198 est.
572 3139 701 3218 Velleius
731 3140 804 3198 dixit
833 3141 929 3198 moliri
960 3141 1065 3200 aedem
1098 3158 1123 3211 1,
1149 3158 1189 3212 11,
1212 3157 1242 3216 5;
1274 3141 1418 3200 theatrum
1443 3159 1466 3212 1,

221 3258 260 3317 15,
283 3256 314 3316 3;
332 3242 460 3317 porticus
482 3257 507 3312 2,
533 3258 554 3312 1,
578 3259 593 3300 2
617 3250 646 3300 11
667 3257 692 3312 2,
715 3240 742 3313 8,
765 3256 796 3317 3;
818 3242 961 3318 templum
983 3259 1008 3313 2,
1033 3257 1095 3318 130,
1120 3259 1141 3300 1.
1322 3230 1325 3240 ’

302 3342 460 3402 Penctrarc
486 3350 620 3418 gentem,
647 3351 756 3402 terram
783 3344 802 3401 i.
829 3361 852 3402 s.
879 3363 908 3420 q.
925 3345 1110 3419 perlustrare
1134 3359 1164 3415 2,
1188 3331 1221 3418 ’5,
1250 3361 1276 3401 1:
1308 3344 1464 3421 penetratis

220 3443 384 3521 Hispaniae
405 3444 556 3520 gentibns3
578 3461 604 3516 2,
627 3460 678 3519 40,
703 3462 728 3504 1:
751 3453 924 3521 penetratae
946 3447 1066 3504 victoria
1083 3444 1192 3516 Media,
1210 3446 1345 3516 Albania,
1369 3445 1463 3514 lndia;

219 3564 249 3618 2,
274 3561 324 3622 47,
349 3564 377 3606 1:
400 3547 444 3606 bis
465 3554 620 3623 penetrata
641 3547 805 3618 Britannia3
829 3563 858 3619 2,
883 3564 948 3624 105,
973 3566 1000 3607 1:
1026 3555 1179 3624 penetrata
1200 3547 1336 3608 ulteriora
1357 3547 1465 3624 (Verg,

219 3648 292 3708 Plin.
316 3649 344 3707 h.
368 3667 396 3706 n.
415 3648 444 3719 8,
470 3647 503 3707 16
525 3645 586 3726 (19),
609 3664 661 3724 503
683 3649 762 3709 Suet.
786 3649 873 3709 Caes.
895 3667 941 3726 523
964 3651 1037 3730 Just.
1059 3666 1103 3724 24,
1123 3667 1150 3723 4,
1173 3649 1209 3726 3).
1375 3645 1380 3654 '

304 3751 510 3830 Praesulgere,
534 3751 613 3828 quod
635 3735 719 3828 apud'
733 3752 896 3828 superiores
918 3760 1022 3828 poetas
1043 3752 1160 3828 proprie
1177 3752 1304 3828 ponitur,
1327 3752 1466 3812 translate

219 3863 375 3930 usurpatur
397 3873 416 3914 a
438 3855 551 3932 Vellejo
573 3854 669 3930 primo
691 3856 766 3914 inter
785 3854 869 3913 solut.
890 3855 1015 3913 oration.
1037 3853 1192 3929 scriptores
1220 3869 1246 3924 1,
1272 3870 1318 3928 14,
1345 3871 1370 3912 1:
1397 3871 1461 3912 nam

219 3955 388 4016 militarium
408 3953 513 4032 (suppl.
532 3955 722 4032 coloniarum)
743 3963 773 4015 et
794 3974 902 4015 causae
925 3963 955 4015 et
976 3963 1110 4015 auctores
1132 3973 1167 4013 ex
1189 3955 1319 4031 ipsarum
1341 3953 1462 4031 praeful-

219 4065 292 4133 gent
308 4058 432 4117 nomine
451 4055 543 4135 (111,
567 4055 662 4133 Geli).

304 4159 485 4230 Praem'tere,
513 4159 593 4236 quod
620 4160 741 4218 verbum
767 4159 909 4218 Horatius
930 4156 988 4234 (od.
1013 4175 1039 4229 1,
1062 4174 1111 4233 33,
1139 4156 1167 4234 4)
1193 4159 1306 4218 videtur
1332 4173 1460 4227 novasse,

219 4261 366 4319 translate
378 4269 474 4321 exstat
495 4277 520 4330 2,
544 4277 588 4336 35,
613 4278 640 4319 1:
663 4261 711 4319 ille
734 4261 795 4320 dies
813 4261 947 4320 virtutem
965 4259 1007 4318 M.
1026 4259 1148 4320 Catonis
1168 4261 1231 4337 jam
1252 4257 1348 4318 multis
1370 4258 1398 4314 in
1418 4277 1458 4316 re·

220 4363 275 4422 bus
297 4363 487 4438 conspicuam
500 4372 598 4446 atque
620 4363 833 4439 praenitentem
856 4363 996 4424 altissime
1017 4361 1188 4422 illuminavit
1213 4359 1312 4434 (Halm
1331 4360 1370 4428 ,in
1388 4359 1460 4420 altis·

219 4466 294 4523 simo
324 4463 450 4524 culmine
480 4463 616 4540 locavit‘);
636 4481 675 4535 a,
704 4479 755 4540 39,
778 4480 807 4523 2:
840 4483 964 4541 quarum
997 4465 1126 4540 gentium
1158 4463 1247 4522 titulis
1278 4461 1375 4521 forum
1403 4464 1458 4540 ejus
