3086 5118
1529 107 1530 162 l

259 462 296 520 de
319 461 375 520 hoc
398 460 653 536 generemilitum
676 462 836 520 sententias
862 462 1009 537 expositas
1035 462 1173 521 invenies.
1214 462 1318 524 Locus
1342 463 1515 542 Vellejanus

176 601 178 604 -
257 570 302 621 est
324 575 354 634 2,
378 578 442 633 110,
467 561 498 621 6:
530 581 657 638 magnus
680 563 893 622 vexillariorum
919 581 1059 621 numerus
1081 563 1119 622 ad
1142 563 1375 624 internecionem
1396 584 1530 678 caesus.¹

258 663 335 722 Vide
357 665 447 723 etiam
465 662 519 722 Ch.
538 662 571 722 C.
588 662 622 720 L.
633 663 749 739 Lange,
768 664 834 723 hist.
853 672 925 723 mut.
948 664 990 723 rei
1007 663 1139 724 militaris
1156 663 1254 735 Rom..
1273 664 1410 742 Gotting.
1432 665 1513 740 1846.
1529 679 1530 744 4

255 769 300 838 4⁰.
323 785 350 842 p.
374 781 425 841 453
448 764 765 840 MarquardtsRoem.
787 765 980 824 Alterthuem.
1003 765 1061 844 ΙΙΙ,
1084 781 1100 823 2
1123 785 1152 841 p.
1175 765 1234 841 366
1256 785 1320 842 sqq.
1385 809 1388 815 ·

347 867 475 924 Vindicta
497 884 551 941 pro
568 869 821 936 animaduersione,
845 869 950 925 ultr'oue
971 873 1129 942 usurpatur
1145 882 1171 937 2,
1190 882 1234 942 92,
1254 883 1285 941 3:
1315 869 1505 928 consularem
1529 871 1530 950 J

254 969 278 1026 si
301 970 330 1026 in
344 953 498 1044 eampum.
510 969 739 1039 descendissent,
763 968 921 1027 vindictam
938 968 1066 1026 minatus
1083 976 1141 1039 est;
1164 984 1189 1038 2,
1214 984 1272 1041 114,
1294 985 1325 1044 3:
1349 961 1530 1030 admonitio}

255 1071 405 1145 frequens
429 1070 574 1130 interdum
596 1079 626 1130 et
647 1070 816 1146 castigatio,
844 1070 973 1130 vindicta
995 1069 1152 1129 rarissima.
1196 1069 1311 1129 Eadem
1337 1071 1530 1146 significatio.

253 1171 337 1247 hujus
364 1173 443 1231 vocis
471 1173 613 1248 reperitur
644 1172 725 1248 apud
751 1171 890 1230 Tacitum
922 1179 952 1229 et
977 1170 1163 1249 Juvenalem3
1191 1171 1271 1248 apud
1301 1180 1412 1232 veteres
1444 1167 1530 1255 scri-¹

253 1279 352 1347 ptores
374 1275 498 1333 valedicto
520 1275 579 1333 vim
600 1275 785 1342 liberationis,
809 1275 985 1358 defensionis
1006 1273 1104 1332 habet.
1119 1304 1159 1315 -
1529 1259 1530 1318 ¹

337 1373 502 1434 Nonnullae
533 1391 620 1434 voces
652 1359 818 1452 vocumque
849 1375 1077 1450 significationes
1104 1373 1233 1452 Vellejus
1250 1394 1283 1433 ¹a
1313 1365 1511 1451 superioribus

252 1476 346 1550 poetis
369 1475 539 1552 desumpsit.
583 1476 657 1535 Sunt
678 1477 734 1534 hae
757 1477 830 1535 fere:
1529 1467 1530 1554 ¹

337 1577 483 1654 Auspiciis
504 1577 576 1654 achs
602 1595 667 1653 pro:
696 1580 792 1652 aliquo
819 1579 895 1647 duce,
928 1581 1098 1652 imperatore
1120 1592 1145 1647 2,
1173 1592 1221 1652 39,
1250 1565 1276 1646 1ss
1304 1593 1329 1647 2,
1353 1559 1403 1650 4ο,
1429 1595 1460 1647 13
1488 1594 1530 1646 2„

257 1693 316 1752 129,
335 1693 355 1750 4
377 1677 469 1748 (Hor,
493 1677 559 1750 Ov.,
582 1677 689 1754 Verg.).
1275 1733 1276 1738 ,
1336 1739 1339 1746 ,

341 1778 542 1838 Commilitium
562 1780 599 1838 de
621 1780 793 1839 condicione
814 1799 925 1851 eorum,
948 1780 998 1856 qui
1019 1798 1079 1838 una
1101 1779 1235 1850 militant,
1258 1780 1319 1838 sere
1341 1797 1395 1856 pro
1417 1782 1530 1860 socie·¹

254 1887 317 1940 tate
338 1881 459 1940 militiae
481 1881 585 1940 dicitur
612 1897 637 1948 2,
659 1897 706 1957 29,
733 1897 762 1956 5:
790 1867 838 1940 hic
859 1901 878 1940 a
894 1891 967 1956 toga
989 1881 1061 1939 virili
1087 1888 1222 1940 assuetus
1248 1879 1419 1939 commilitio
1442 1867 1530 1956 pru-¹

252 1981 413 2041 dentissimi
436 1982 519 2041 ducis
542 1975 693 2058 ingenium
711 1982 879 2043 excoluerat
895 1981 1016 2057 (Quint.
1039 1982 1124 2053 Tac„
1142 1983 1215 2042 Plin.
1234 2000 1289 2058 ep„
1309 1981 1393 2060 Just..
1412 1983 1509 2057 Flor.).

245 2081 373 2143 Ovidius
395 2084 505 2159 primus
528 2103 582 2161 per
604 2086 827 2144 translationem
853 2086 909 2145 hoc
935 2086 1111 2146 vocabulum
1138 2085 1175 2144 de
1201 2085 1340 2164 societate
1366 2103 1510 2160 quacum·

253 2203 311 2260 que
339 2177 437 2260 posuit
459 2187 488 2244 in
511 2186 593 2262 epist.
622 2203 657 2244 ex
679 2186 774 2245 Ponto
796 2203 822 2263 2,
844 2204 869 2264 5,
892 2202 938 2263 72:
962 2196 991 2258 et
1009 2186 1169 2245 commilitii
1190 2205 1276 2246 sacra
1292 2185 1405 2245 tuenda
1420 2196 1510 2262 putas
1529 2181 1530 2256 l

252 2279 283 2360 [i.
299 2303 324 2343 e.
340 2287 580 2345 communionem
599 2283 774 2366 studiorum]
789 2284 884 2363 (Apul.
902 2289 966 2346 flor.
984 2304 1010 2362 3.
1028 2305 1078 2346 no.
1097 2286 1130 2346 16
1148 2306 1178 2365 9.
1196 2305 1241 2361 24,
1262 2303 1297 2348 10
1315 2287 1362 2347 ed.
1375 2285 1510 2364 Kruegi.
1529 2257 1530 2348 ¹

335 2386 399 2444 Dor
420 2405 474 2462 pro
496 2391 609 2458 oz'riuia
632 2391 770 2446 commodo
792 2378 1058 2464 poetarum'modo
1076 2389 1180 2448 dicitur
1199 2405 1221 2460 1,
1242 2405 1280 2460 12,
1299 2407 1330 2464 3:
1353 2391 1395 2448 vir
1411 2392 1507 2449 omni·
1529 2369 1530 2460 ¹

251 2488 306 2546 bus
328 2489 396 2546 belli
418 2507 455 2548 ac
476 2497 567 2564 togae
590 2490 706 2550 dotibus
729 2491 973 2550 eminentissimus
996 2491 1106 2551 saeculi
1128 2491 1172 2550 sui
1194 2487 1282 2565 (Suet.
1306 2491 1366 2549 Tit.
1390 2488 1428 2566 3).
1464 2491 1509 2550 Cf.

207 2589 212 2598 ’
250 2590 509 2668 Krebs·Allgayer‚
526 2593 681 2652 Antibarb.
704 2591 750 2650 ed.
770 2593 807 2649 V.
830 2596 859 2668 9.
877 2590 944 2667 384.
1529 2587 1530 2664 )

335 2689 490 2766 Eloquium
513 2711 567 2768 pro
589 2695 744 2769 eloquentia
766 2709 791 2764 2,
815 2691 862 2763 68,
887 2710 913 2751 1:
935 2692 978 2751 Μ.
1001 2691 1127 2764 Coelius,
1150 2694 1192 2752 vir
1211 2695 1329 2769 eloquio
1346 2694 1509 2771 animoque

250 2791 369 2852 Curioni
397 2794 569 2854 simillimus.
608 2795 679 2855 Hac
704 2813 776 2855 voce
798 2796 915 2872 poetica
941 2797 1015 2854 inter
1042 2795 1156 2856 solutae
1183 2795 1323 2855 orationis
1350 2796 1530 2871 scriptoresl

249 2893 378 2972 Vellejus
400 2897 510 2971 primus
528 2914 598 2955 usus
620 2905 665 2956 est
681 2894 758 2971 (Val.
775 2896 857 2956 Max.
881 2914 903 2967 ι,
923 2896 951 2956 6.
970 2906 1027 2956 ext.
1046 2913 1077 2972 3;
1095 2897 1169 2956 Plin.
1188 2897 1216 2955 h.
1234 2916 1263 2956 n.
1283 2913 1320 2966 11,
1340 2911 1370 2972 17
1388 2893 1451 2972 (18),
1473 2913 1507 2972 55

178 3023 184 3034 ·
250 3002 280 3053 et
302 3011 396 3072 saep.;
419 2997 484 3056 Sen.
507 2998 545 3056 de
567 2998 611 3056 ira
630 3015 657 3073 3,
680 2994 714 3072 2).
873 3029 877 3036 -
1438 3046 1441 3052 .

334 3098 482 3173 Fragmen
506 3118 562 3158 vox
585 3118 604 3158 a
625 3101 720 3176 poetis
741 3098 820 3175 (Ov.,
846 3101 950 3175 Verg.,
979 3098 1076 3176 Lucr.)
1097 3099 1267 3176 saepissime
1289 3108 1430 3174 usurpata
1452 3120 1509 3176 pro
1529 3135 1530 3174 r

240 3199 417 3276 fragmento
434 3201 575 3276 reperitur
593 3217 617 3270 2,
637 3217 663 3276 3,
682 3216 712 3259 2:
736 3201 881 3276 fragmine
899 3201 1017 3261 subselli
1033 3202 1107 3259 ictus
1125 3201 1215 3258 vitam
1233 3200 1392 3260 immatura
1409 3192 1509 3260 morte
1529 3217 1530 3234 ¹

248 3301 339 3358 finivit
360 3299 433 3374 (Col.
456 3318 483 3377 9,
509 3318 547 3377 ι5,
573 3318 617 3378 13;
644 3302 724 3361 Suet.
746 3302 790 3362 Cl.
811 3302 856 3372 18;
879 3303 948 3361 Ner.
970 3301 1026 3379 26).
1139 3339 1142 3342 -
1529 3301 1530 3304 ’

288 3403 292 3412 ’
333 3403 419 3460 Limo
440 3421 492 3479 per
513 3402 737 3462 translationem
760 3405 863 3463 dicitur
885 3401 1156 3480 pro'emendatione,
1179 3405 1356 3477 expolitione,
1371 3417 1396 3471 2,
1420 3417 1449 3478 9,
1475 3416 1506 3479 3’;
1529 3399 1530 3451 ἓ

248 3501 324 3568 adeo
350 3514 382 3564 ut
409 3506 439 3562 in
465 3505 519 3564 illis
546 3504 611 3580 plus
634 3505 736 3576 limae,
760 3507 790 3564 in
812 3505 869 3564 hoc
887 3487 986 3582 paene
1005 3501 1071 3581 plus
1093 3504 1226 3563 videatur
1243 3502 1333 3562 fuisse
1350 3505 1508 3577 sanguinis

247 3602 339 3680 (Hor,
360 3605 424 3676 Ov.,
443 3604 554 3677 Quint,
569 3605 643 3664 Plin.
658 3607 724 3683 ep).
752 3606 797 3667 Cf.
813 3608 874 3668 Cic.
897 3609 976 3667 Brut.
992 3623 1038 3682 24,
1053 3623 1105 3682 93:
1123 3607 1251 3666 limatius
1264 3603 1379 3664 dicendi
1397 3623 1506 3680 genus.

337 3707 425 3764 Orbis
442 3706 578 3765 absolute
596 3707 700 3766 dicitur
718 3727 771 3785 pro
790 3709 854 3767 orbe
871 3717 1018 3768 terrarum
1036 3725 1062 3780 2,
1083 3723 1141 3782 124,
1163 3725 1188 3765 1:
1211 3708 1275 3783 quis
1297 3706 1376 3766 orbis
1394 3714 1507 3776 metus;

248 3815 277 3866 et
292 3826 381 3884 supra
394 3809 423 3865 in
442 3808 549 3867 eadem
562 3811 764 3886 paragrapho:
783 3812 865 3888 cujus
878 3812 956 3884 orbis
974 3811 1089 3869 ruinam
1103 3810 1295 3868 timueramus
1306 3805 1381 3880 (Ov.,
1392 3806 1506 3883 Verg.).

248 3908 330 3967 Alter
353 3910 430 3967 orbor
452 3925 477 3980 2,
496 3909 544 3983 46,
565 3927 591 3969 1:
614 3910 739 3970 alterum
758 3929 854 3987 paene
875 3911 998 3988 imperio
1016 3916 1117 3969 nostro
1135 3929 1280 3987 quaerens
1301 3910 1405 3968 orbem
1428 3911 1507 3978 ,eine

247 4009 346 4068 aweite
366 4010 460 4069 Welt‘.
492 4011 536 4070 Cf.
558 4012 636 4070 Flor.
655 4029 682 4088 3,
702 4028 746 4084 10,
767 4011 813 4070 16:
836 4013 920 4089 quasi
938 4012 986 4070 hic
1003 4012 1156 4071 Romanus
1174 4012 1252 4071 orbis
1270 4029 1331 4071 non
1349 4010 1508 4085 sufficeret,
1529 3999 1530 4019 ἢ

248 4096 371 4168 alterum
394 4113 542 4186 cogitavit.

333 4211 423 4270 Porto
447 4213 551 4273 dicitur
572 4233 626 4292 pro
648 4227 751 4290 sponso
774 4223 933 4292 praeeunte
956 4213 1045 4289 Verg.
1068 4215 1143 4274 Aen.
1167 4229 1212 4284 10,
1236 4226 1272 4289 79
1295 4213 1374 4288 apud
1398 4195 1506 4290 vellej.

248 4328 269 4382 1,
296 4329 317 4382 1,
341 4328 371 4387 3:
394 4316 474 4390 quod
496 4325 601 4392 pactae
624 4319 685 4394 ejus
707 4317 884 4377 Hermiones
911 4315 1028 4391 nuptias
1050 4322 1260 4392 occupaverat,
1287 4313 1410 4389 Delphis
1432 4331 1505 4372 eum

245 4414 397 4475 interiecit.

940 5026 944 5032 .
