3086 5118
749 295 952 356 ..282-

69 511 77 526 ·
180 458 183 464 ’
234 481 338 544 domus
364 478 461 557 (Hor,
486 484 588 559 Verg„
616 437 830 559 8211111215,
855 497 885 558 71
909 485 960 555 D.,
984 483 1078 560 post).
1122 483 1225 542 Cicero
1247 483 1303 543 hac
1325 501 1399 542 voce
1424 500 1495 542 non

233 585 330 656 utitur,
355 586 483 661 nisi.per
505 585 735 645 translationem.
1061 645 1064 649 .

318 684 474 754 Medimni
496 686 599 747 dicitur
625 687 662 746 de
688 687 797 764 gradu,
817 707 884 766 Ι14110
910 689 1043 748 homines
1069 688 1145 747 inter
1171 705 1203 746 se
1225 686 1361 768 differunt
1382 694 1415 745 et
1439 693 1492 745 est

232 806 285 865 pro
307 790 435 864 ignobili,
458 809 514 848 non
532 791 645 848 illustri
663 805 689 859 2,
711 806 752 860 22,
776 808 805 849 21
828 808 924 868 neque
945 791 1061 850 licentia
1083 788 1248 865 gladiorum
1269 790 1300 847 in
1320 787 1489 847 mediocris

231 887 342 966 (,Leute
364 909 420 949 von
448 883 595 950 niederem
617 891 744 976 Stande‘)
770 895 924 962 saevitum,
948 892 1003 973 ¹sed
1030 893 1217 953 excelsissimi
1243 907 1361 969 quoque
1387 900 1490 967 atque

211 993 452 1052 eminentissimi
474 994 595 1053 civitatis
617 995 668 1052 viri
690 997 775 1056 variis
797 996 1003 1072 suppliciorum
1026 995 1182 1070 generibus
1201 993 1306 1053 affecti.
1338 991 1383 1052 Cf.
1404 992 1489 1071 Just.

233 1109 255 1163 1,
278 1110 306 1167 4,
329 1111 361 1168 4:
384 1093 522 1172 Cambysi
544 1095 683 1155 mediocri
705 1099 766 1156 viro
788 1096 877 1156 filiam
898 1099 928 1156 in
950 1096 1170 1156 matrimonium
1192 1094 1317 1154 tradidit.

316 1196 422 1256 Novus
444 1199 562 1276 adject,
589 1197 668 1276 quod
691 1216 710 1256 a
731 1197 873 1259 Cicerone
894 1215 1011 1275 semper
1032 1199 1069 1258 de
1090 1199 1222 1274 personis
1248 1204 1420 1274 usurpatur,
1449 1204 1488 1254 ut

232 1298 311 1373 apud
326 1299 401 1358 Vell.
421 1316 449 1370 2,
469 1316 530 1376 105,
548 1317 574 1372 2,
593 1300 722 1378 Vellejus
745 1301 854 1378 primus
871 1302 984 1360 videtur
1001 1302 1184 1361 transtulisse
1202 1299 1241 1360 ad
1258 1318 1305 1360 res
1321 1314 1346 1370 2,
1367 1313 1431 1367 120,
1453 1315 1485 1356 1:

232 1418 307 1460 nava
330 1403 458 1478 virilique
480 1420 571 1479 opera
592 1398 649 1477 (Sil.
666 1402 731 1462 Ital.
752 1419 775 1472 1,
792 1419 862 1479 549:
884 1404 1062 1472 rudimenta;
1087 1417 1115 1479 7,
1133 1417 1204 1478 350:
1226 1399 1328 1478 timor).
1359 1400 1486 1459 Lectio·

231 1521 300 1562 nem
323 1506 464 1578 ,gnavus‘,
487 1521 563 1582 quae
585 1504 688 1564 melior
709 1503 822 1565 videtur
843 1523 921 1576 esse,
943 1506 1052 1581 recepit
1073 1504 1219 1564 Halmius.

321 1604 432 1675 linaro,
450 1623 509 1682 quo
527 1606 671 1665 vocabulo
689 1605 792 1666 Cicero
810 1625 861 1683 per
879 1607 1102 1666 translationem
1120 1607 1209 1666 utitur
1227 1605 1288 1665 iere
1305 1622 1358 1682 pro
1376 1621 1481 1680 parco,

231 1724 333 1776 avaro,
356 1725 375 1766 a
397 1706 511 1785 Vellejo
532 1709 648 1784 ponitur
670 1709 792 1784 proprie
808 1707 845 1766 de
867 1725 910 1778 eo,
934 1706 1014 1784 quod
1035 1707 1119 1766 firme
1139 1713 1228 1776 tenet,
1250 1713 1280 1764 et
1302 1723 1370 1764 cum
1393 1706 1482 1780 geni-

229 1807 288 1865 tivo
309 1807 495 1885 conjungitur
517 1825 545 1880 2,
568 1826 618 1886 20,
641 1825 670 1884 51
694 1809 887 1868 amicitiarum
909 1815 1062 1878 10021112,
1085 1809 1135 1883 84,
1158 1825 1189 1884 51
1210 1808 1323 1868 Dellius
1345 1807 1477 1883 exempli

230 1911 273 1968 sui
296 1919 385 1969 tenax
406 1910 506 1985 (Poet,
529 1911 599 1982 Liv,
622 1911 748 1988 poster).
772 1943 812 1955 -

314 2012 381 2091 Jam
404 2014 483 2090 apud
505 2015 666 2090 superiores
689 2015 843 2091 scriptores
861 2015 964 2073 iisdem
980 2013 1247 2089 ¹significationibus,
1271 2012 1375 2089 quibus
1393 2010 1477 2087 apud

230 2114 384 2193 Vellejum,
407 2116 459 2176 sed
481 2118 573 2176 rarius
595 2125 711 2176 exstant
732 2117 875 2196 adjectiva
897 2118 983 2176 haec:

155 2287 159 2294 ¹
314 2218 441 2296 Africus
462 2237 529 2294 pro:
551 2204 719 2299 Africanus
741 2236 770 2289 2,
792 2217 842 2295 56,
866 2235 895 2277 21
917 2226 1074 2295 apparatus
1097 2216 1186 2276 Africi
1206 2214 1365 2293 (triumphi)
1387 2217 1478 2276 ebore

230 2318 364 2377 constitit.
396 2319 667 2395 ctScip.Afr.1r.
687 2319 766 2396 apud
784 2319 860 2379 Gell.
878 2337 906 2395 4,
927 2320 968 2390 18,
987 2335 1017 2395 3;
1037 2319 1168 2400 Caesb.
1187 2338 1212 2379 c.
1231 2336 1256 2390 2,
1275 2335 1319 2395 52,
1340 2335 1384 2394 151
1406 2316 1477 2378 8211.

232 2420 297 2497 Jug.
320 2419 366 2492 18,
389 2437 421 2497 9;
443 2422 505 2481 Liv.
528 2439 573 2493 21,
598 2439 624 2492 1,
647 2439 676 2496 4.
709 2421 806 2508 ΙΑ11110
828 2407 945 2482 Κ1101111.
968 2442 996 2499 p.
1018 2438 1087 2498 340.

314 2523 424 2600 Agrios,
456 2541 515 2598 quo
546 2523 690 2582 vocabulo
719 2523 842 2582 Sisenna
874 2532 997 2602 excepto
1027 2525 1137 2600 primus
1168 2524 1279 2583 videtur
1309 2541 1378 2583 usus
1409 2540 1477 2582 esse

229 2623 327 2684 Livius
356 2621 419 2701 (50,
444 2640 491 2693 10,
514 2620 549 2700 5),
577 2625 656 2700 apud
683 2633 785 2701 poetas
807 2624 977 2701 Augusteae
1003 2627 1108 2685 aetatis
1135 2632 1164 2684 et
1189 2626 1363 2702 posteriores
1390 2623 1476 2684 solut.

229 2729 478 2805 oratrscriptore's
501 2728 617 2804 saepius
638 2727 781 2786 invenitur
806 2745 859 2804 pro
882 2729 1016 2803 impigro,
1039 2728 1121 2785 houd
1138 2729 1229 2802 segni.
1272 2726 1360 2802 Apud
1378 2725 1477 2784 Velle·

227 2830 289 2906 jum
311 2829 451 2889 translate
472 2836 569 2888 exstat
590 2845 619 2900 2,
644 2845 709 2905 105,
732 2845 762 2888 21
788 2829 881 2888 virum
903 2828 1093 2904 multiplicem
1115 2829 1146 2888 in
1167 2828 1329 2900 virtutibus,
1357 2846 1473 2905 nauum,

229 2931 350 3006 agilem,
378 2930 529 3007 providum
551 2928 673 3005 (Sisenn.
701 2931 735 2989 ir.
761 2931 831 3002 280,
859 2947 875 2989 2
905 2929 952 2988 P.:
984 2930 1092 3005 agilem
1114 2929 1288 3007 facilemque
1310 2929 1473 2998 victoriam;

228 3031 316 3101 Hor„
336 3029 402 3102 Ov.,
421 3030 498 3103 Col,
520 3033 586 3092 Seu.
605 3032 683 3111 phil..
705 3033 778 3091 Plin.
800 3033 878 3104 min,
901 3030 999 3110 Suet).

313 3136 404 3192 Anius
425 3151 454 3206 2,
477 3151 524 3211 55,
547 3151 579 3209 41
601 3136 734 3193 inventus
755 3135 830 3193 inter
852 3134 1020 3194 solitudines
1042 3134 1132 3211 avias3
1158 3150 1188 3204 2,
1211 3146 1258 3209 75,
1281 3150 1313 3209 51
1335 3151 1387 3210 per
1407 3135 1471 3192 avia

229 3235 365 3294 itinerum
387 3233 519 3312 (Poetae,
542 3235 610 3295 Sall.
634 3235 700 3314 Jug.
723 3252 772 3311 54,
796 3251 828 3311 93
851 3235 911 3294 Liv.
934 3253 966 3312 9,
991 3252 1036 3312 19,
1061 3234 1108 3305 16;
1130 3250 1177 3310 25,
1200 3251 1247 3310 52,
1271 3233 1308 3310 ό).

314 3338 413 3398 Bonus
434 3339 503 3416 alqa
521 3355 636 3414 repro:
658 3340 792 3407 eximius,
810 3344 965 3412 praestans
986 3352 1011 3408 2,
1030 3335 1075 3408 88,
1096 3354 1122 3395 11
1144 3337 1186 3396 M.
1205 3336 1342 3414 Lepidus,
1362 3337 1471 3416 juvenis

229 3440 323 3498 forma
345 3459 435 3519 quam
457 3449 556 3499 mente
578 3439 689 3499 melior.
734 3438 778 3515 Ci.
800 3438 869 3496 Sall.
892 3438 959 3516 Jug.
982 3452 1007 3513 7,
1030 3455 1059 3515 5;
1083 3455 1129 3514 15,
1154 3453 1180 3509 1;
1203 3455 1256 3516 40,
1278 3455 1303 3497 2.

317 3541 461 3601 Classicus
483 3560 536 3618 pro
558 3560 593 3600 eo
615 3542 727 3612 dicitur,
750 3535 831 3619 quod
853 3541 932 3617 apud
950 3540 1123 3602 Ciceronem
1142 3550 1185 3600 est
1203 3543 1316 3600 11000111
1338 3557 1363 3609 2,
1381 3539 1423 3615 85,
1443 3558 1467 3598 11

228 3645 376 3719 Agrippae
393 3661 480 3702 omne
499 3643 613 3701 classici
631 3629 797 3702 certaminis
816 3643 966 3701 arbitrium
984 3644 1186 3712 commissum;
1203 3659 1228 3714 2,
1248 3642 1290 3714 81,
1309 3659 1339 3718 3:
1358 3644 1469 3718 insigne

213 3760 356 3803 vcoronae
382 3745 535 3813 classicae;
566 3759 596 3813 2,
626 3759 684 3815 121,
715 3761 742 3802 1:
772 3745 920 3804 concussis
946 3745 1073 3804 hostium
1101 3746 1207 3805 viribus
1234 3746 1361 3805 classicis
1388 3741 1466 3822 (Liv,

227 3843 316 3920 Tac).
639 3857 641 3860 ·

315 3946 498 4024 Cognomrnis
516 3949 626 4020 dicitur,
651 3951 700 4026 qui
723 3943 853 4026 ejusdem
871 3949 996 4008 nominis
1014 3956 1059 4008 est
1076 3967 1143 4008 cum
1161 3949 1218 4008 alio
1236 3958 1266 4009 et
1284 3967 1351 4008 cum
1374 3949 1467 4008 dativo

226 4050 409 4127 conjungitur
433 4067 458 4121 1,
483 4068 511 4121 1,
537 4067 563 4110 1:
596 4053 803 4126 cognominem
826 4051 937 4128 patriae
959 4069 1029 4110 suae
1050 4051 1200 4110 Salamina
1222 4053 1380 4111 constituit.
1423 4049 1465 4110 Cf.
1496 4052 1499 4058 “

225 4145 289 4208 Liv.
311 4166 341 4226 5,
364 4167 415 4225 54,
439 4168 470 4228 01
501 4155 678 4228 cognomine
700 4152 869 4212 Insubribus
891 4167 995 4243 pago;⁸
1010 4147 1089 4210 suet.
1112 4150 1181 4211 Oth.
1206 4169 1217 4211 1
1241 4157 1327 4212 extu:
1359 4171 1467 4228 cogno·

226 4253 334 4312 minem
353 4254 407 4311 sibl
428 4251 545 4331 (filium).

313 4352 547 4414 Commendabr'lt's
578 4374 645 4416 cum
672 4355 729 4415 abl.
756 4357 901 4433 conjunct.
928 4372 956 4425 2,
981 4373 1012 4431 0,
1036 4355 1069 4416 61
1103 4357 1231 4416 novitate
1257 4356 1366 4414 inventi
1392 4373 1409 4413 a
1434 4372 1464 4414 se

225 4457 319 4532 operis
337 4457 601 4518 commendabilem
619 4455 841 4534 (Pomponium).
872 4455 917 4516 Cf.
936 4457 999 4517 Liv.
1017 4473 1062 4532 42,
1080 4473 1106 4534 5,
1124 4474 1154 4533 5;
1173 4457 1240 4516 Val.
1258 4457 1338 4515 Max.
1357 4473 1384 4533 0,
1404 4473 1423 4526 1,
1437 4470 1463 4513 2.
