3086 5118
594 301 796 382 4²7*

63 500 300 570 componantur,
324 493 404 573 quod
425 495 455 552 in
478 495 615 554 adverbio
633 495 688 554 fert
705 514 784 566 usus,
807 496 846 555 ad
865 496 1039 574 adjectivum
1057 495 1236 555 transtulisse
1250 494 1320 554 Vel·

58 595 141 673 lejus
167 594 286 664 videtur.
323 594 367 655 ct.
393 595 484 654 Hand
506 596 593 656 Turs.
613 597 636 655 I.
655 617 684 674 p.
706 614 762 674 191.
783 629 823 640 -
841 599 908 657 Hoc
930 598 996 656 loco
1019 597 1132 657 silentio
1155 613 1215 655 non
1233 613 1318 672 prae·

59 706 185 756 teream
202 689 388 768 locutionem,
407 693 484 774 quae
501 707 546 756 est
564 700 641 757 aliter
735 706 828 774 quam,
847 700 878 757 in
896 700 1045 759 sententiis
1063 698 1241 758 affirmativis
1259 716 1319 757 non

61 798 163 857 modo
190 797 269 874 apud
287 798 399 856 Livium
422 808 537 858 exstare
555 797 820 878 (KrebsAllgayer,
844 799 998 860 Antibarb.
1018 801 1064 860 ed.
1083 801 1119 858 V.
1138 820 1168 877 p.
1189 815 1234 858 122
1256 800 1318 859 Liv.

63 917 116 976 59,
141 899 186 970 28,
212 916 223 957 1
247 897 348 977 affert),
373 898 505 979 sed‘jam
526 903 647 962 inveniri
669 902 737 961 Sall.
760 903 827 980 Jug.
849 901 893 972 82,
916 918 942 979 3.
986 902 1073 962 Adde
1094 902 1155 961 Liv.
1180 919 1201 972 1,
1224 900 1270 977 56,
1288 916 1317 976 7;

67 1019 113 1077 51,
129 1017 176 1077 55.
187 1016 215 1076 7;
234 1001 307 1060 Plin.
326 1017 371 1077 ep.
386 1018 410 1071 2,
425 1007 491 1075 4,1’;
512 1015 587 1078 7,15,
602 1020 631 1073 2;
649 1022 718 1080 pan.
737 1003 782 1080 58.
796 1034 837 1048 -
851 1004 921 1064 Post
938 1023 994 1062 non
1012 997 1097 1075 aliter,
1116 1006 1187 1079 quill
1202 1005 1285 1062 aliud
1300 1019 1335 1062 a·
1384 1075 1387 1082 Ι

67 1103 216 1163 Cicerone
238 1095 353 1179 semper
374 1103 499 1179 positum
518 1123 582 1164 esse
604 1108 690 1176 ‚mri‘
712 1106 828 1182 optimis
847 1105 996 1164 codicibus
1014 1113 1102 1182 patet.
1137 1103 1237 1177 Quare
1255 1122 1319 1165 om·

67 1207 160 1264 nibus
182 1205 263 1277 locis,
290 1206 364 1282 quus
382 1205 515 1265 Klotzius
537 1207 568 1264 in
588 1207 671 1266 lexic.
693 1207 758 1267 Lat.
781 1208 885 1278 attulit,
908 1208 1116 1285 quibusquam
1139 1206 1259 1283 scripsit,
1281 1208 1320 1265 ab

65 1307 198 1366 Halmio
220 1309 305 1380 ,nisi‘
327 1307 356 1367 in
378 1315 494 1366 textum
518 1308 670 1369 inductum
692 1319 746 1369 est.
788 1309 846 1369 Sed
868 1328 887 1368 a
908 1306 1024 1384 Nepote
1045 1316 1075 1367 et
1096 1306 1178 1366 Livio
1201 1307 1317 1384 saepius

67 1430 127 1468 non
152 1411 230 1467 alius
251 1429 349 1485 quam,
377 1411 448 1485 quid
467 1413 552 1469 alr'ud
571 1431 655 1486 quam
679 1410 792 1483 dicitur,
819 1411 856 1471 cl.
877 1411 1139 1486 Krebs·Allgayer‚
1167 1409 1318 1468 Antibarb.
1374 1465 1375 1468 ,

67 1509 117 1567 ed.
143 1509 181 1569 V.
209 1529 237 1587 p.
262 1527 318 1570 122.
363 1509 492 1589 Velleius
519 1512 589 1570 dixit
616 1531 671 1570 non
693 1515 771 1572 alius
792 1532 877 1587 quam
899 1529 928 1584 2,
954 1529 995 1584 12,
1018 1528 1047 1583 2;
1071 1528 1100 1581 2,
1124 1524 1222 1588 71‚12;
1250 1513 1322 1586 quid

66 1613 158 1669 aliud
176 1631 261 1687 quam
283 1628 308 1684 2,
332 1628 376 1688 55,
399 1629 427 1686 4.
451 1644 491 1655 -
513 1611 583 1671 Non
605 1614 755 1672 detramur
775 1633 860 1689 quam
882 1630 907 1684 2,
930 1629 972 1690 55,
996 1630 1021 1671 2.

158 1715 331 1790 Auspicatus
352 1734 371 1774 a
392 1715 534 1774 Cicerone
556 1715 593 1774 de
616 1733 652 1774 eo
674 1715 786 1786 dicitur,
809 1715 889 1793 quod
911 1713 1040 1791 auspicio
1063 1715 1116 1775 rite
1139 1722 1226 1792 capto
1248 1730 1317 1774 con·

65 1822 219 1874 secretum
241 1827 293 1887 est,
317 1834 336 1875 a
358 1817 471 1894 Vellejo
493 1817 582 1892 plane
603 1835 656 1892 pro
670 1818 786 1896 fausto,
802 1818 894 1896 felici
912 1819 1028 1894 ponitur
1050 1833 1074 1887 2,
1098 1830 1143 1894 79,
1168 1832 1198 1874 2:
1222 1815 1319 1891 auspi·

67 1918 148 1978 catis
166 1919 311 1978 ominibus
333 1919 464 1995 aliquam
482 1919 588 1978 ducere
611 1937 731 1978 uxorem
749 1917 874 1994 (Catuli,
897 1919 969 1977 Plin.
991 1919 1069 1996 maj,
1092 1917 1203 1990 Quint,
1226 1915 1318 1990 Tae).

164 2017 288 2080 Cr'terior
310 2020 424 2098 adject,
447 2021 527 2096 quod
549 2039 567 2080 a
585 2019 729 2079 Cicerone
750 2027 872 2079 tantum'
886 2020 925 2079 ad
947 2022 1074 2096 spatium
1095 2021 1227 2089 refertur,
1251 2017 1319 2076 Vel·

67 2120 147 2199 lejus
169 2122 293 2181 relatum
315 2121 404 2182 habet
426 2123 514 2180 etiam
537 2121 575 2181 ad
598 2130 714 2198 tempus
739 2129 920 2197 1,17,2:*ut
942 2141 997 2181 nec
1019 2131 1172 2200 poetarum
1193 2121 1224 2179 in
1244 2119 1319 2178 anti-

68 2214 159 2298 quius
187 2224 360 2302 citeriusque
387 2225 528 2301 processit
553 2225 672 2283 ubertas
698 2221 774 2298 (Val.
797 2224 878 2282 Max.
902 2223 934 2294 6,
956 2241 986 2300 5,
1012 2240 1053 2282 11:
1085 2224 1247 2282 citeriorem
1269 2220 1319 2280 de-

68 2325 143 2383 licto
165 2327 299 2400 praebuit
321 2326 473 2396 ultionem;
502 2326 603 2400 8,,15,
627 2341 653 2384 1:
684 2325 824 2400 superiori
845 2325 984 2385 Africano
1011 2324 1181 2385 consulatus
1203 2323 1319 2383 citerior

69 2426 205 2501 legitimo
227 2437 359 2504 tempore
381 2427 468 2486 datus
490 2413 551 2503 est).

165 2527 274 2588 Celeber
284 2528 431 2588 Ciceronis
449 2523 546 2589 aetate
559 2547 675 2606 semper
692 2529 730 2588 de
747 2530 842 2600 rebus,
858 2545 1020 2605 numquam
1038 2529 1075 2587 de
1092 2529 1223 2604 personis
1236 2545 1319 2587 usur·

73 2639 177 2706 patum
192 2631 279 2690 luisse
293 2631 378 2690 docet
388 2632 526 2709 Allgayer
540 2632 695 2690 inKrebsii
705 2631 858 2690 Antibarb.
867 2649 895 2706 p.
905 2646 957 2706 219
971 2628 1084 2704 (Cicero
1094 2629 1166 2687 dixit
1175 2623 1317 2702 ,nobilis‘).

74 2731 134 2790 Sed
154 2733 214 2810 Jam
237 2733 345 2791 iudea
367 2733 449 2791 Livio
476 2731 522 2809 (cl.
541 2733 657 2792 Kuehn.
680 2752 708 2810 p.
730 2729 800 2810 540)
821 2731 936 2791 celeber
957 2723 1194 2801 de‘hominibus,
1217 2731 1267 2805 qui
1289 2731 1318 2789 in

75 2836 187 2893 honore
209 2843 288 2904 sunt,
312 2834 429 2904 dicitur,
457 2835 506 2913 qui
528 2851 598 2894 usus
620 2835 698 2912 apud
721 2834 866 2912 Vellejum
887 2841 932 2892 est
955 2833 1215 2911 frequentissimus,
1242 2851 1269 2890 v.
1292 2850 1317 2891 c.

76 2931 1318 3012 abaebfflnassffiamssassssbmssaffidffi&

75 3037 146 3097 Ner.
167 3037 201 3114 7).

158 3139 286 3215 Effusas
307 3156 373 3216 pro:
396 3141 518 3215 amplus,
541 3139 689 3218 sparretus,
712 3140 862 3217 inprimis
885 3139 921 3198 de
938 3140 1027 3198 maris
1045 3136 1235 3215 amplitudine
1258 3137 1318 3196 sere

73 3242 189 3318 ¹poetice
211 3242 327 3317 ponitur
348 3257 377 3311 2,
400 3257 451 3316 45,
476 3257 501 3299 1:
529 3241 734 3300 effusissimum
756 3241 844 3300 maris
865 3240 1006 3300 Adriatici
1028 3241 1133 3300 sinum.
1176 3238 1222 3299 Cf.
1245 3237 1319 3297 Hor.

78 3345 160 3421 epist.
183 3361 210 3415 1,
235 3361 275 3413 11,
298 3343 347 3413 26;
370 3328 444 3401 Tac.
468 3342 568 3402 Germ.
592 3333 653 3419 30.
686 3342 788 3402 Cicero
810 3343 898 3401 utitur
920 3340 977 3400 hoc
998 3341 1142 3419 adiectivo
1164 3358 1230 3417 pro:
1247 3350 1319 3416 pro·

68 3447 173 3526 surus,
196 3464 255 3522 qua
272 3445 482 3521 significatione
499 3445 589 3504 etiam
607 3444 686 3522 apud
696 3443 840 3522 Vellejum
859 3448 955 3503 exstat
971 3459 996 3513 2,
1015 3459 1058 3517 41,
1079 3459 1104 3500 1:
1123 3442 1321 3501 munificentia

7 3603 10 3608 .
79 3543 264 3606 effusissimus
286 3545 387 3622 (Halm
409 3555 438 3606 et
460 3547 554 3617 Kritz;
577 3546 793 3604 munificentiae
814 3542 935 3621 Haase).

161 3649 274 3706 Fatalis
296 3664 375 3707 mors
397 3664 421 3720 2,
440 3665 469 3721 4,
489 3647 507 3706 6
529 3658 559 3708 et
580 3664 605 3719 2,
629 3663 708 3724 49,1
732 3656 783 3718 est,
807 3665 883 3724 quae
905 3647 966 3708 fato
993 3646 1138 3707 destinata
1160 3646 1320 3706 secundum

80 3758 212 3808 naturam
235 3751 312 3809 venit
334 3757 364 3809 et
384 3752 542 3826 opponitur
563 3750 715 3809 violentae.
752 3749 796 3808 Cl.
818 3749 891 3808 Plin.
914 3768 960 3827 ep.
986 3766 1006 3820 1,
1027 3765 1065 3820 12,
1085 3765 1107 3807 1.
1143 3748 1221 3808 Fato
1240 3749 1333 3806 obire¹

78 3848 275 3922 (Germanica
299 3853 388 3922 ,eines
406 3850 709 3911 natdrlichen-Todes
727 3849 862 3928 sterben‘)
879 3851 954 3910 Tac.
973 3869 1041 3909 ann.
1062 3867 1104 3923 14,
1123 3848 1173 3920 623
1193 3849 1320 3908 fataliter

81 3951 153 4009 mori
173 3952 254 4011 Eutr.
279 3969 305 4024 1,
330 3969 368 4012 11.
798 3945 801 3952 “

160 4053 405 4130 Inexpugnabr'lrt
427 4053 540 4131 adject,
564 4052 643 4131 quod
661 4051 763 4111 Cicero
785 4060 898 4112 tantum
921 4071 972 4130 per
991 4053 1216 4114 'translationem
1238 4070 1321 4111 usur·

81 4157 155 4233 pavit
174 4153 221 4230 (ci.
244 4154 333 4216 Tusc.
357 4171 387 4231 5,
412 4172 457 4230 14,
481 4154 536 4231 41),
554 4155 681 4244 ¹propria
707 4154 918 4228 significatione
944 4155 981 4215 de
1004 4157 1135 4233 personis
1158 4155 1274 4232 ponitur
1294 4170 1319 4226 2,

83 4273 133 4332 115.
147 4272 179 4331 4:
197 4258 305 4334 quippe
319 4258 458 4318 Perustae
472 4268 501 4317 et
513 4257 706 4316 Desitiates..
718 4255 877 4331 ‚angustiis
891 4256 1017 4317 saltuum
1032 4256 1126 4336 paene
1138 4259 1321 4333 inexpugna-

81 4360 148 4419 biles
169 4341 240 4437 (Liv.
263 4376 419 4437 33,17,9:
441 4358 683 4436 inexpugnabiles
706 4359 807 4435 animi;
830 4352 912 4418 Curt.
934 4375 1052 4438 3,1,7;
1075 4361 1147 4441 Just.
1170 4374 1214 4435 57,
1238 4375 1265 4433 4,
1283 4355 1320 4434 2).

161 4462 269 4521 Laxur
290 4463 409 4544 propria
427 4462 638 4537 significatione
655 4462 772 4537 ponitur
789 4478 814 4533 2,
833 4461 875 4532 81,
894 4479 925 4538 3:
949 4481 1008 4541 quo
1025 4464 1117 4524 laxior
1134 4463 1215 4521 fieret
1232 4459 1322 4536 ipsius
