3086 5118
557 315 767 360 '-11-

25 494 133 548 semet
160 488 226 564 ipsa
252 489 290 547 ab
317 487 381 548 aliis
408 497 618 565 separaverunt
644 487 714 566 (Liv.
744 503 770 558 1,
796 503 838 564 15,
863 503 878 563 7
906 489 985 546 nunc
1012 485 1137 546 editores
1166 483 1299 562 prolecto

26 608 87 666 pro
116 589 253 665 proiectu
275 589 460 664 scripserunt,
483 589 556 660 Col,
580 589 647 648 Son.
670 607 724 664 ep.,
746 588 857 661 Quint,
880 589 954 648 Plin.
977 607 1033 664 ep.,
1055 585 1151 664 Suet).

125 691 254 764 Pythius
276 708 330 766 pro
352 690 535 750 substantivo
557 709 610 766 pro
633 707 678 761 9ο,
702 691 782 766 quod
805 699 849 750 est
871 690 950 767 apud
968 689 1155 749 Ciceronem:
1178 689 1299 766 Pythius

28 793 148 868 Apollo
172 793 217 850 vel
235 799 325 863 vates,
349 792 429 868 apud
447 791 541 851 solum
561 791 707 869 Vellejum
726 791 837 851 videtur
859 801 975 872 exstare
995 808 1017 863 1,
1035 795 1108 862 2,'1:
1130 789 1298 866 respondis·

29 903 144 970 setque
167 894 295 970 Pythius.
944 968 947 973 ,

127 994 261 1071 Scalptor
283 994 388 1054 dicitur
409 995 442 1065 is,
465 995 515 1072 qui
527 1012 682 1053 marmora
700 997 803 1070 scalpit
823 993 851 1072 (a
873 997 961 1054 verbo
980 997 1131 1071 scalptendr‘,
1155 992 1235 1070 quod
1257 994 1299 1054 le·

30 1097 117 1171 gitur
140 1115 207 1164 uno
229 1097 296 1155 loco
322 1096 402 1172 apud
424 1095 485 1156 Cic.
509 1095 546 1156 de
569 1091 628 1154 nat.
651 1097 730 1155 deor.
751 1111 782 1166 2,
801 1111 853 1172 50,
880 1096 941 1172 150)
964 1114 990 1167 1,
1015 1111 1059 1172 17,
1082 1112 1117 1170 4:
1140 1097 1196 1154 hoc
1213 1095 1297 1156 idem
1367 1137 1373 1146 ,

31 1199 173 1258 evenisse
195 1198 410 1273 grammaticis,
434 1198 543 1273 plastis,
563 1197 738 1273 pictoribus,
761 1198 955 1275 scalptoribus
978 1199 1109 1274 quisquis
1130 1205 1305 1273 temporum

31 1300 176 1359 institerit
197 1299 274 1358 notis
296 1301 419 1375 reperiet
440 1298 523 1374 (Plin.
545 1299 613 1377 maj.
636 1307 666 1358 et
688 1293 777 1373 mini.
810 1298 881 1360 Hoc
902 1300 1080 1359 vocabulum
1100 1301 1162 1376 Jam
1183 1306 1298 1374 tempo·

32 1401 128 1470 ribus,
153 1418 230 1477 quae
252 1409 318 1460 sunt
340 1409 409 1460 ante
429 1400 583 1478 Vellejum,
604 1419 661 1460 usu
683 1403 783 1461 tritum
801 1402 898 1472 luisse,
922 1402 1104 1478 quamquam
1127 1399 1202 1459 sorte
1223 1417 1303 1476 qua··

33 1503 109 1561 dam
133 1520 195 1562 non
217 1508 312 1561 exstat
334 1503 364 1560 in
386 1485 610 1579 scriptis‚'quae
627 1503 666 1562 ad
688 1512 820 1563 nostram
843 1512 970 1563 aetatem
993 1508 1226 1579 permanserunt,
1250 1519 1298 1560 su·

35 1604 215 1680 spicandum
238 1613 290 1664 est.
898 1615 900 1618 '
1279 1595 1283 1601 ⁴

131 1708 341 1765 Transcursur.
370 1706 500 1784 Vellejus
514 1707 625 1783 primus
640 1706 807 1783 frequenter
822 1708 877 1766 hac
892 1725 963 1766 voce
977 1707 1065 1766 utitur
1078 1705 1117 1765 ad
1127 1703 1299 1794 significan·

35 1809 109 1868 dam
128 1809 263 1867 dictionis
286 1825 358 1867 suae
380 1807 561 1878 brevitatem,
585 1814 617 1866 ut
635 1825 660 1880 2,
678 1807 726 1880 86,
752 1825 778 1866 1:
801 1811 865 1885 quis
888 1811 917 1868 in
933 1807 996 1866 ¹hoc
1012 1789 1186 1866 'transcursu
1209 1807 1296 1863 artati

35 1911 136 1986 operis
167 1908 334 1986 exprimere
364 1907 492 1969 audeat?
522 1927 552 1980 2,
580 1925 628 1986 55,
657 1927 683 1968 1:
711 1919 824 1987 quanto
850 1911 951 1974 omnia
977 1910 1145 1968 transcursu
1171 1908 1299 1967 dicenda
1341 1933 1343 1938 ·

36 2022 120 2081 sunt;
145 2028 171 2081 2,
194 2028 242 2087 99,
266 2027 300 2082 41
326 2011 397 2070 illud
420 2012 516 2088 etiam
533 2013 562 2070 in
589 2012 646 2071 hoc
672 2021 842 2087 transcursu
864 2011 1021 2071 dicendum
1045 2018 1088 2069 est
1110 2005 1194 2088 (Ptin.
1218 2009 1246 2067 h.
1270 2027 1298 2065 n.

39 2129 66 2187 3,
91 2128 108 2188 5
131 2109 183 2190 (ὁ),
206 2128 257 2187 39;
283 2108 475 2188 18,13(34),
505 2111 573 2190 126).
617 2107 676 2173 Pro
701 2116 917 2172 transcursione
943 2119 1101 2188 usurpatur
1126 2110 1205 2186 apud
1232 2110 1301 2169 Sem:
1339 2192 1341 2197 Α

37 2221 154 2290 quaest.
178 2221 286 2282 nata,
309 2229 333 2288 7,
358 2229 383 2284 1;
406 2215 484 2273 Suet
507 2216 585 2290 Aug.
609 2231 659 2291 9ο.
679 2247 718 2258 -
750 2217 756 2224 “
1336 2199 1338 2204 ’

127 2314 184 2374 His
205 2316 324 2374 vocibus
346 2317 434 2374 etiam
454 2306 617 2392 superiores
635 2317 798 2393 scriptores,
818 2317 871 2376 sed
889 2316 952 2375 aliis
970 2315 1230 2390 significationibus
1253 2317 1298 2374 usi

40 2422 123 2474 sunt:
342 2485 345 2489 ¹

126 2511 214 2575 Actus
236 2517 316 2592 apud
343 2525 455 2577 veteres
482 2519 639 2595 scriptores
665 2519 839 2597 plerumque
866 2528 1023 2596 usurpatur
1048 2520 1078 2577 in
1104 2519 1302 2578 locutionibus

41 2637 60 2676 a
83 2637 172 2678 scena
193 2620 299 2695 petitis,
322 2620 374 2678 sed
396 2618 476 2694 apud
494 2630 663 2695 argenteae,
687 2639 764 2697 quae
786 2629 916 2692 vocatur,
939 2622 1044 2680 aetatis
1067 2621 1223 2696 scriptores
1244 2639 1298 2696 po-

41 2721 118 2778 nitur
140 2721 177 2779 de
200 2721 337 2780 omnibus
364 2721 425 2780 sere
452 2723 587 2796 negotiis.
631 2724 678 2781 Sic
703 2737 765 2780 uno
793 2723 860 2782 loco
888 2723 968 2798 apud
990 2722 1136 2799 Vellejum
1164 2721 1298 2781 absolute

42 2830 137 2881 exstat
155 2839 180 2893 2,
205 2838 261 2898 127,
285 2835 327 2896 42·
345 2822 481 2882 Tiberius
504 2816 617 2883 Caesar
639 2823 779 2900 Sejanum
802 2823 920 2884 Aelium
948 2824 1125 2898 singularem
1154 2824 1299 2899 911111199-1
1363 2859 1365 2866 ›

41 2924 111 2981 lium
134 2937 256 3000 operum
278 2919 449 3001 adjutorem
465 2926 495 2982 in
512 2926 614 2984 omnia
635 2925 733 2996 habet,
756 2925 850 2985 virum
868 2927 1029 2988 seueritatis
1046 2925 1233 2996 laetissimae,
1256 2926 1299 2984 hi-

44 3025 163 3083 laritatis
186 3026 311 3100 priscae,
340 3033 408 3085 actu
430 3027 529 3085 otiosis
551 3027 729 3086 simillimum
752 3026 828 3104 (Sen.
851 3027 934 3104 phil,
963 3027 1079 3100 Quint,
1107 3027 1196 3097 Tac„
1224 3026 1298 3086 Plin.

46 3143 99 3200 ep.,
121 3125 214 3196 Suet.;
238 3126 298 3185 Cic.
322 3127 360 3185 de
382 3125 461 3202 legg.
485 3144 506 3197 1,
531 3144 576 3197 11,
592 3144 623 3203 31
648 3146 728 3186 nune
750 3129 857 3203 legitur
879 3146 932 3205 pro
954 3131 1050 3204 pravis
1073 3130 1199 3188 actibus:
1222 3147 1298 3203 ,pra-

49 3222 208 3302 vitatibus').
252 3227 348 3303 Hujus
371 3229 450 3287 vocis
473 3229 623 3288 notionem
645 3248 697 3305 per
719 3229 798 3288 hunc
819 3222 975 3289 verborum
998 3232 1141 3290 ambitum
1165 3231 1300 3306 exprimit

47 3328 166 3402 scriptor
187 3337 286 3388 noster
308 3345 337 3400 2,
361 3328 411 3405 98,
435 3346 465 3403 3:
493 3331 543 3406 qui
565 3348 642 3407 quae
664 3330 783 3406 agenda
805 3339 874 3391 sunt
899 3340 982 3390 curet
1004 3334 1066 3391 sine
1088 3332 1148 3390 ulla
1170 3339 1299 3390 ostenta-

47 3429 125 3486 tione
146 3431 262 3504 agendi.
303 3457 311 3460 -
894 3510 896 3514 .

128 3531 287 3604 Amplexus
309 3534 518 3607 praeeuntibus
540 3533 634 3608 poetis
652 3532 726 3610 (Ον,
751 3533 852 3611 Verg.)
874 3535 1038 3611 frequenter
1062 3535 1165 3596 dicitur
1188 3535 1225 3594 de
1247 3537 1301 3595 ho·
1375 3528 1378 3533 ’

47 3631 168 3690 minibus
186 3639 216 3690 et
238 3640 283 3691 est
304 3633 413 3691 amoris
435 3640 465 3692 et
487 3634 709 3694 benevolentiae
731 3637 916 3710 significatio,
936 3644 969 3694 ut
986 3654 1012 3707 2,
1037 3654 1095 3711 123,
1118 3654 1149 3714 3:
1172 3647 1235 3697 tum
1253 3655 1300 3698 se·

48 3749 143 3790 curum
174 3752 206 3793 se
233 3734 384 3808 Augustus
415 3735 590 3808 praedicans
621 3722 890 3814 circumfususque
910 3739 1094 3814 amplexibus
1121 3739 1223 3798 Tiberi
1256 3741 1300 3798 sui

48 3833 171 3892 animam
199 3835 281 3894 caelo
312 3833 438 3894 reddidit
464 3834 587 3913 (Quint,
616 3837 705 3908 Tae,
733 3839 825 3909 Suet,
854 3839 954 3899 Valer.
981 3840 1124 3916 Flaccus).
1174 3841 1235 3901 Cic.
1263 3841 1300 3900 de

48 3934 129 4007 divin.
157 3951 182 4004 1,
205 3935 256 4010 36,
286 3951 322 4011 79
345 3937 401 3994 hoc
429 3939 574 3996 vocabulo
601 3939 638 3997 de
664 3947 801 4015 serpente
829 3942 919 3999 utitur
945 3938 1095 4018 (serpentis
1123 3941 1296 4019 amplexum

48 4053 97 4110 per
126 4036 342 4095 similitudinem
373 4038 462 4096 etiam
490 4058 508 4097 a
534 4039 617 4097 Livio
648 4050 807 4117 usurpatur
834 4041 884 4115 36,
917 4058 960 4118 17,
989 4057 1032 4119 15:
1067 4045 1116 4120 qui
1143 4043 1302 4120 (Oceanus)

49 4138 144 4194 orbem
165 4144 309 4196 terrarum
332 4139 470 4215 amplexu
492 4142 555 4200 finit
576 4138 681 4212 (Lucr,
704 4141 777 4201 Plin.
801 4142 887 4222 mai).

129 4239 257 4298 Anr'rnus.
294 4241 428 4298 Antinum
447 4242 551 4300 habere
573 4260 640 4318 pro:
663 4247 694 4301 in
717 4247 812 4302 11111111
836 4246 947 4325 habere,
969 4250 1146 4312 titanorum
1169 4250 1304 4306 1111111111

52 4349 138 4399 exstat
154 4356 178 4409 2,
198 4358 225 4414 4,
246 4357 277 4415 4:
300 4342 458 4416 respondit,
482 4323 509 4401 si
525 4344 549 4402 is
573 4345 766 4420 occupandae
785 4346 963 4422 reipublicae
986 4349 1117 4408 animum
1140 4349 1300 4417 habuisset,

51 4442 386 4518 inremissam—Haec
400 4442 526 4503 elocutio
542 4446 620 4520 apud
631 4445 744 4504 nullum
754 4446 842 4504 alium
859 4449 1030 4523 scriptorem
1045 4450 1164 4507 inveniri
1179 4449 1300 4507 videtur.
