3086 5118
800 300 1004 390 ’'5²‘'

372 498 471 559 Velare
492 499 633 559 translate
655 508 811 575 usurpatur
833 517 886 576 pro
908 519 1014 559 ornare
1036 517 1065 572 2,
1089 515 1132 576 71,
1151 516 1186 575 5;
1216 517 1344 559 21111120
1368 496 1526 574 insignibus

278 599 426 659 honorum
443 600 581 670 velasset;
600 616 624 671 2,
639 599 683 672 82,
691 615 729 676 41
747 619 857 661 corona
875 601 986 662 velatus
1004 619 1095 662 aurea
1112 599 1220 678 (Ver'g,
1239 599 1303 672 Ov,
1321 600 1392 659 Liv.
1410 617 1433 669 1,
1449 597 1525 673 32,6:

278 704 376 780 capite
396 702 493 762 velato
514 700 580 778 filo).

373 803 474 863 VriIror
499 821 566 880 pro:
597 805 839 876 mr'lr‘vr'deoru,
863 823 909 879 14,
934 823 959 872 u:
991 803 1059 864 huic
1085 805 1126 864 rei
1152 805 1298 864 civitatem
1327 807 1526 878 propagatam

280 913 459 983 auctumque
480 905 649 965 Romanum
671 925 780 967 nomen
802 907 963 968 subtexturi
984 907 1122 967 videmur.
1168 906 1257 966 Hanc
1282 904 1472 963 locutionem
1497 919 1526 959 ne

280 1007 454 1068 Ciceronem
475 1007 593 1083 quidem
611 1009 780 1084 repudiasse
798 1009 885 1069 docet
902 1008 1042 1086 Allgayer
1062 1009 1092 1068 in
1110 1009 1228 1068 Krebsii
1245 1005 1409 1066 Antibarb.
1434 1003 1480 1061 ed.
1500 1003 1526 1058 V.

280 1128 311 1186 p.
336 1124 405 1184 1205
428 1106 512 1185 (falso
533 1110 638 1184 legitur
660 1109 735 1170 Vell.
758 1127 787 1182 2,
813 1128 860 1186 14,
885 1110 915 1187 1).
1010 1101 1012 1104 ⁸

372 1210 469 1271 Vivere
495 1229 549 1287 pro
571 1215 602 1270 in
624 1230 672 1270 ore
692 1215 818 1271 omnrirm
844 1209 1008 1288 (romaum)
1029 1233 1086 1271 esse
1113 1227 1143 1281 2,
1167 1210 1220 1280 66,
1243 1226 1274 1285 51
1304 1209 1378 1268 vivit
1401 1209 1526 1281 vivetque

283 1310 406 1390 (Cicero)
431 1332 485 1391 per
509 1331 629 1372 omnem
655 1314 818 1372 seculorum
841 1315 1015 1374 memoriam
1039 1313 1106 1388 (Cic.
1119 1313 1213 1373 Lael.
1236 1326 1283 1388 27,
1308 1325 1379 1381 1023
1409 1309 1476 1368 Sen.
1497 1307 1526 1364 de

280 1414 378 1475 benef.
401 1432 427 1491 3,
450 1431 476 1490 5,
499 1431 528 1485 2;
551 1415 623 1474 Plin.
647 1433 692 1490 ep.
715 1431 740 1484 2,
766 1433 787 1486 1,
812 1412 859 1493 11).
882 1448 922 1460 -

367 1517 435 1576 Non
452 1517 534 1575 nulla
561 1515 640 1592 apud
663 1517 808 1595 Vellejum
834 1519 1018 1578 inveniuntur
1040 1518 1152 1576 formae
1174 1518 1330 1577 verborum
1353 1515 1457 1573 minus
1477 1512 1524 1569 usi·

277 1628 367 1690 tatae,
390 1637 515 1696 quarum
538 1620 591 1678 has
613 1620 798 1679 annotandas
820 1622 931 1698 putavi:
1021 1663 1024 1670 -

355 1721 536 1781 'assenserim
556 1738 577 1792 1,
597 1736 621 1797 7,
641 1737 670 1792 ²3
690 1725 724 1783 ci
744 1723 829 1783 Neue
846 1724 886 1782 II.
904 1742 932 1800 p.
951 1739 1016 1800 270.
1029 1731 1215 1782 —extentus
1234 1739 1255 1792 1,
1276 1738 1313 1790 11,
1335 1721 1369 1788 6;
1390 1735 1417 1790 2,
1439 1730 1485 1792 70,
1501 1729 1522 1780 25

278 1821 317 1882 cf.
339 1821 422 1882 Neue
443 1822 483 1880 11.
510 1841 538 1898 p.
561 1836 625 1898 570.
658 1855 698 1867 -—
730 1825 877 1884 immixtus
902 1843 928 1896 1,
950 1842 980 1895 2,
1006 1842 1016 1883 1
1044 1822 1165 1899 (veteres
1195 1824 1321 1883 editores
1349 1822 1523 1897 scripserunt

281 1921 449 2008 immistus);
473 1925 509 1984 cl.
526 1924 610 1984 Neue
631 1925 671 1984 11.
693 1945 722 2003 p.
746 1925 812 2002 556.
837 1959 876 1970 -
900 1927 1010 2004 nequiit
1031 1943 1056 1998 2,
1079 1925 1125 1996 68,
1149 1942 1178 1996 2;
1201 1925 1238 1985 cf.
1254 1924 1339 1983 Neue
1362 1924 1406 1981 II.
1426 1942 1455 1998 p.
1472 1933 1520 1994 522·

277 2059 319 2070 -
343 2027 524 2104 nequiverint
547 2044 568 2098 1,
590 2028 631 2098 16,
651 2043 681 2104 5;
704 2029 741 2088 ct‘.
760 2028 844 2089 Neue
862 2029 901 2092 11.
924 2049 952 2106 p.
971 2027 1034 2104 526.
1058 2062 1097 2072 -
1121 2035 1208 2087 norat
1225 2044 1250 2098 2,
1266 2025 1314 2102 46,
1335 2042 1364 2096 2;
1391 2026 1430 2085 cf.
1448 2022 1520 2080 Neue

277 2130 317 2189 II.
340 2148 369 2206 p.
397 2143 459 2204 552.
486 2161 526 2171 -
555 2139 653 2189 nosset
675 2147 699 2198 2,
727 2147 773 2206 45,
802 2147 826 2200 1;
849 2131 886 2190 cs.
912 2131 996 2190 Neue
1013 2130 1051 2189 ll.
1074 2149 1102 2206 p.
1120 2145 1182 2205 552.
1210 2159 1250 2172 -
1277 2129 1429 2205 pariturus
1457 2124 1519 2182 soret

276 2231 305 2309 (a
321 2233 421 2307 pareo)
439 2247 464 2303 2,
483 2247 533 2306 90,
552 2248 583 2307 5;
606 2231 642 2291 cl.
663 2230 748 2292 Neue
766 2234 804 2292 II.
828 2252 856 2309 p.
875 2231 940 2309 586.
955 2263 995 2274 -
1011 2249 1142 2291 reversus
1161 2248 1186 2301 2,
1205 2247 1250 2306 42,
1269 2245 1300 2306 5;
1323 2230 1361 2290 cf.
1387 2229 1473 2287 Neue
1488 2223 1518 2280 ll.

277 2353 305 2410 p.
328 2332 385 2409 546
392 2349 400 2405 ;
423 2341 523 2392 tamen
545 2336 661 2393 revertit
680 2334 756 2394 Vell.
779 2351 803 2405 2,
827 2350 875 2409 40,
900 2351 929 2404 2;
951 2351 976 2406 2,
999 2349 1046 2411 50,
1071 2351 1092 2391 1.
1130 2332 1232 2405 Quare
1253 2333 1388 2391 Haasius
1406 2331 1437 2390 'et
1456 2324 1517 2385 Hal·

276 2435 351 2493 mius
373 2435 475 2510 legunt
497 2439 657 2508 ,revectus‘.
672 2467 711 2479 -
729 2437 826 2495 serviit
850 2454 872 2506 1,
897 2452 936 2511 15,
960 2452 989 2511 5;
1013 2436 1050 2494 cl.
1073 2435 1156 2495 Neue
1178 2435 1217 2493 Il.
1240 2453 1268 2510 p.
1290 2451 1350 2510 522.
1377 2465 1420 2476 -
1445 2426 1517 2511 sopiit

228 2609 231 2616 ι
276 2553 302 2607 2,
327 2551 382 2611 125,
408 2551 438 2611 5;
462 2536 499 2594 cf.
521 2537 605 2596 Neue
626 2537 664 2595 II.
687 2557 716 2614 p.
739 2537 803 2596 622.
847 2538 912 2596 Alia
934 2538 1048 2596 similia.

363 2638 468 2697 Rarius
490 2639 529 2706 fit,
553 2639 657 2697 saltem
680 2639 758 2715 apud
780 2640 914 2700 meliores
937 2628 1051 2697 solutae
1072 2637 1210 2697 orationis
1232 2636 1399 2712 scriptores,
1424 2649 1515 2710 quam·

277 2759 368 2818 quam
386 2741 425 2799 ab
447 2740 503 2799 hoc
525 2758 581 2799 usu
603 2759 640 2800 ne
663 2740 766 2801 Cicero
788 2741 906 2816 quidem
928 2740 1014 2816 plane
1032 2741 1145 2799 alienus
1161 2746 1214 2809 est,
1237 2745 1270 2796 ut
1287 2747 1426 2813 tempora
1444 2749 1515 2811 prae·

276 2842 362 2900 terita
388 2859 440 2916 per
458 2843 529 2919 fui,
550 2843 677 2928 sufram
704 2859 771 2901 cum
798 2842 949 2918 participio
976 2840 1063 2900 futuri
1090 2841 1175 2901 activi
1202 2847 1254 2898 aut
1274 2838 1398 2915 perfecti
1420 2833 1514 2914 passivi

279 2944 437 3018 conjuncta
458 2943 615 3017 fingantur.
660 2942 705 3002 Cf.
728 2944 874 3019 Draeger‚
902 2944 966 3003 hist.
988 2944 1069 3020 Synt.
1092 2944 1130 3002 II.
1153 2940 1172 3018 ξ
1197 2959 1256 3017 154.
1278 2962 1308 3018 p.
1331 2957 1393 3018 252.
1438 2934 1514 3015 Apud

277 3043 423 3121 Vellejum
453 3043 526 3102 tales
555 3044 664 3103 formas
690 3046 798 3114 inveni,
826 3045 903 3105 velut
926 3045 1058 3105 fabricati
1085 3045 1200 3103 fuerunt
1227 3060 1256 3114 2,
1278 3058 1326 3119 27,
1349 3060 1382 3118 4:
1411 3037 1513 3120 passuri

277 3144 430 3205 fuissemus
444 3161 468 3216 2,
487 3161 546 3220 125,
568 3162 593 3215 1;
612 3141 826 3222 temperaturus
842 3147 926 3206 luerit
938 3164 963 3217 2,
979 3146 1022 3223 85,
1037 3146 1066 3206 6.
1077 3177 1116 3189 -
1131 3147 1258 3205 Formae
1266 3145 1387 3222 perlecti
1402 3161 1478 3222 pass.
1491 3145 1514 3196 et

278 3246 364 3305 futur.
384 3254 441 3306 act.
455 3255 485 3306 et
502 3249 615 3324 passiv,
634 3248 738 3325 quibus
753 3248 896 3307 forem=
907 3267 1000 3308 essem
1014 3249 1125 3319 dicitur,
1142 3249 1341 3307 exstantiae:
1360 3248 1511 3307 admissum

278 3346 406 3420 forata,
430 3347 460 3420 8,
486 3365 511 3420 1;
534 3350 725 3410 arcessendus
748 3349 822 3409 loret
843 3367 873 3422 2,
898 3367 959 3426 125,
983 3367 1013 3421 2;
1041 3349 1248 3409 commissurus
1271 3349 1346 3410 foret
1366 3366 1395 3420 2,
1420 3357 1511 3424 37141

275 3450 516 3526 consequendum
539 3451 613 3510 toret
635 3468 663 3522 2,
689 3450 750 3523 128,
775 3468 806 3528 33
829 3452 969 3512 deserturi
991 3452 1085 3511 forent
1107 3467 1137 3522 2,
1161 3465 1207 3527 55,
1230 3466 1259 3526 5;
1283 3451 1404 3528 dispersi
1427 3451 1510 3508 forent

276 3567 305 3622 2,
329 3567 372 3616 21,
399 3566 424 3621 1;
452 3551 581 3611 eundum
608 3552 683 3613 soret
710 3569 740 3623 2,
767 3569 796 3630 5,
825 3537 858 3629 55
885 3557 976 3614 eversi
992 3555 1098 3612 v-foretrt
1124 3555 1237 3628 2,'115‚
1260 3568 1292 3625 4;
1320 3549 1511 3612 excedendum

277 3651 351 3710 foret
373 3669 397 3723 2,
417 3651 463 3723 68,
482 3669 512 3729 5;
536 3655 654 3729 parituri
678 3655 773 3714 forent
795 3672 819 3726 2,
840 3673 888 3732 90,
908 3673 934 3734 3.
971 3655 1015 3715 Cf.
1035 3656 1158 3732 Zumptii
1177 3653 1311 3713 Gramm.
1334 3653 1398 3712 Lat.
1413 3650 1441 3728 ’ἓ
1473 3643 1510 3721 5⁶·

274 3772 304 3830 p.
330 3770 379 3828 124
400 3751 455 3831 (ed.
478 3754 580 3830 Xlll.).
1087 3777 1090 3781 ·

736 4081 800 4152 De
837 4078 1061 4153 Adverbiis
1105 4153 1107 4157 .

362 4247 418 4307 His
440 4248 583 4308 adverbiis
606 4250 734 4327 Vellejus
757 4252 867 4326 primus
888 4250 999 4308 videtur
1021 4267 1090 4308 usus
1113 4267 1189 4310 esse:

362 4350 498 4430 Difficile
515 4369 568 4426 pro
586 4370 630 4421 eo,
649 4355 728 4429 quod
741 4362 786 4412 est
799 4353 876 4429 apud
887 4351 1059 4411 Ciceronem
1077 4352 1238 4423 difficiliter,
1257 4353 1336 4428 apud
1346 4352 1506 4411 Varronem.

276 4449 445 4523 Caesarem,
467 4452 643 4524 Sallustium,
667 4454 788 4526 Livium,
812 4455 850 4515 al.
869 4453 1022 4512 difficulter
1040 4453 1142 4512 dicitur
1160 4469 1184 4524 2,
1203 4453 1250 4530 63,
1272 4471 1300 4529 3:
1323 4454 1445 4514 Plancus
1462 4441 1505 4505 sibi
