3086 5118
764 317 968 373 „14-

245 503 272 564 7,
300 505 317 563 3
344 485 432 564 (adde
457 489 541 546 lexic.
567 484 702 562 Latinis);
734 486 814 562 apud
840 487 966 562 optimos
994 485 1148 560 scriptores
1175 483 1279 544 dicitur
1305 501 1358 560 pro
1386 487 1496 543 incessu

242 586 321 662 idas
344 583 586 664 Einhergehen‘).
1282 593 1283 598 ’

329 688 492 749 intumas
514 691 657 756 translata
679 689 891 763 significatione
912 687 1030 763 ponitur
1052 705 1105 763 pro
1127 693 1229 746 exacta
1242 691 1351 763 peritia
1373 697 1403 747 et
1422 699 1496 764 pru·

243 793 339 849 <tentia
351 787 429 866 (nos:
445 790 502 861 ,die
512 780 596 851 Reife
605 790 657 850 des
668 789 859 864 Verstandes,
872 771 959 848 reiies
969 786 1092 860 Urteil‘),
1106 805 1184 864 quae
1198 804 1266 847 cum
1280 790 1367 849 rebus
1381 799 1496 849 mature

245 901 275 951 et
298 891 452 966 diligenter
473 891 673 968 expendendis
696 899 906 968 comparantur
928 906 953 961 2,
974 906 1030 967 125,
1049 907 1081 967 3:
1104 891 1156 951 sed
1177 892 1251 950 haec
1272 894 1374 951 omnia
1391 895 1496 952 veteris

243 993 428 1068 imperatoris
455 995 607 1052 maturitas
634 994 718 1053 brevi
741 994 827 1068 sopiit
853 1011 888 1052 ac
916 992 1031 1051 sustulit
1061 990 1146 1067 (Tac.
1173 993 1239 1052 hist.
1267 1010 1292 1060 1,
1319 993 1368 1068 87:
1389 998 1495 1052 vhmm.

244 1094 408 1184 Marc314,
434 1112 461 1165 1,
486 1092 540 1171 ιο).
601 1175 603 1178 Ι

209 1269 211 1274 Ι
328 1195 498 1255 Mentionem
517 1198 620 1256 habere
637 1213 690 1271 pro
709 1213 753 1264 e0,
773 1193 852 1270 quod
871 1202 915 1254 est
933 1194 1013 1270 apud
1027 1194 1201 1255 Ciceronem
1216 1199 1378 1256 mentionem
1388 1197 1497 1275 facere

242 1312 269 1365 2,
288 1296 333 1366 62,
352 1313 382 1372 5:
407 1297 543 1358 Caesaris
561 1298 641 1356 nulla
662 1298 772 1356 mentio
790 1290 901 1355 habita.
932 1295 979 1354 Cf.
997 1296 1059 1354 Liv.
1077 1294 1123 1371 38,
1142 1295 1194 1376 36,
1207 1309 1237 1372 7;
1260 1299 1368 1358 Ascon.
1386 1299 1416 1356 in
1436 1297 1496 1356 Cic.

243 1399 273 1457 in
291 1407 352 1474 tog.
370 1399 455 1458 cand.
473 1419 501 1476 p.
517 1399 562 1474 76,
580 1417 605 1458 11
626 1399 672 1457 ed.
689 1396 837 1472 Kiessling
855 1405 884 1457 et
897 1397 1024 1467 Schoell;
1043 1397 1104 1455 Liv.
1124 1415 1169 1473 ep.
1186 1414 1249 1473 1193
1268 1398 1342 1476 Just.
1358 1415 1495 1473 13,2,1ο;

242 1501 322 1577 Sulp.
346 1491 413 1560 Sev.
433 1519 479 1578 ep.
502 1518 527 1571 2,
555 1515 598 1576 15.
621 1529 662 1544 -·
685 1499 865 1558 Mentionem
887 1501 986 1577 jacere
1010 1515 1033 1568 2,
1057 1498 1101 1573 65,
1126 1516 1138 1557 1
1161 1496 1245 1572 (Hor.
1267 1508 1323 1560 sat.
1348 1518 1369 1570 1,
1392 1518 1420 1575 4,
1445 1519 1495 1575 94:

242 1603 423 1661 mentionem
446 1596 582 1679 injicere).
675 1645 678 1650 .
960 1651 962 1659 .

328 1700 514 1761 Itterr'dianus
531 1702 631 1777 (intell.
650 1699 704 1777 sol)
725 1720 779 1779 pro
797 1703 980 1762 substantivo
995 1708 1091 1783 eustat
1108 1703 1188 1779 apud
1203 1703 1349 1780 Vellejum
1367 1704 1493 1780 primum

240 1820 268 1874 2,
295 1802 357 1872 126,
381 1820 413 1878 3:
446 1805 584 1880 quicquid
608 1804 771 1863 meridiano
794 1811 846 1863 aut
868 1804 1066 1880 septentrione
1088 1806 1185 1864 finitur
1206 1802 1294 1881 (Flor.
1316 1822 1356 1893 4,
1373 1821 1416 1876 12,
1440 1822 1493 1879 40:

242 1907 315 1980 haec
333 1903 372 1963 ad
388 1905 631 1981 septentrionem:
650 1905 705 1964 sub
723 1905 885 1964 meridiano
903 1905 1114 1965 tumultuatum
1131 1908 1336 1983 magisquam
1354 1907 1497 1966 bellatum

240 2015 299 2075 est;
318 2007 356 2065 cl.
370 2007 541 2083 interpretes
560 2006 598 2066 ad
616 2007 697 2066 locos
707 2005 810 2082 Velleji
828 2015 856 2064 et
873 2005 897 2063 F
899 2006 964 2092 loriJ
983 2006 1061 2065 adde
1078 2007 1147 2065 lsid.
1164 2023 1189 2083 5,
1204 2022 1252 2082 35,
1266 2003 1303 2082 8).
1335 2006 1499 2067 Freundius

240 2113 271 2165 et
293 2108 426 2167 Klotzius
448 2107 649 2185 lexicographi
671 2107 745 2167 salso
767 2108 979 2166 nominativum
1002 2109 1196 2167 meridianum
1219 2107 1338 2168 iaciunt.

282 2235 284 2239 ·
332 2209 522 2267 Obseruantia
544 2211 662 2285 propria
685 2209 898 2284 significatione
919 2227 973 2284 pro
995 2209 1185 2270 observatione
1198 2209 1312 2270 ‚dicitur
1333 2226 1358 2279 2,
1380 2210 1447 2280 106,
1467 2227 1499 2286 3:

242 2316 272 2367 et
294 2309 400 2380 eadem
428 2311 503 2370 mira
530 2312 668 2370 felicitate
694 2319 724 2370 et
750 2329 822 2369 cura
849 2310 943 2380 ducis,
970 2319 1137 2386 temporum
1159 2319 1278 2388 quoqne
1299 2313 1499 2383 observantia,

238 2410 341 2470 classis
364 2413 503 2484 exercitui
525 2411 705 2488 Caesarique
731 2429 763 2470 se
787 2413 890 2488 junxit.
933 2411 1022 2488 Apud
1044 2411 1217 2472 Ciceronem
1240 2413 1419 2472 obseruantia
1443 2423 1499 2483 est,

240 2531 293 2589 per
315 2531 405 2590 quam
427 2521 527 2573 aetate
548 2523 600 2573 aut
626 2513 769 2589 sapientia
795 2520 847 2572 aut
873 2513 985 2573 honore
1012 2522 1063 2573 aut
1089 2515 1195 2590 aliqua
1211 2514 1355 2590 dignitate
1377 2522 1501 2574 antece·

242 2615 345 2674 dentes
368 2633 501 2685 veremur
521 2623 551 2674 et
572 2615 703 2674 colimus.
1007 2622 1009 2626 ’
1169 2623 1172 2628 “

329 2718 492 2776 Ordinatio.
531 2716 618 2777 Haec
640 2735 696 2775 vox
723 2716 793 2792 quid
815 2717 846 2775 in
868 2717 1064 2776 architectura
1085 2718 1245 2792 significet,
1267 2717 1437 2792 intelligitur
1460 2736 1499 2776 ex

242 2819 314 2879 Vitr.
344 2835 371 2886 1,
394 2834 423 2886 2,
448 2835 474 2876 1:
507 2819 703 2878 architectura
730 2825 848 2878 constat
874 2837 911 2878 ex
937 2819 1134 2888 ordinatione,
1157 2836 1236 2896 quae
1257 2817 1374 2878 Graece
1397 2812 1498 2894 ,τάξις

239 2918 345 2977 dicitur
367 2925 398 2978 et
420 2937 457 2978 ex
479 2919 676 2996 dispositione.
718 2919 776 2978 Pro
799 2921 981 2990 institutione,
1003 2921 1182 2996 dispositione
1203 2921 1320 2995 ponitur
1341 2937 1360 2978 a
1379 2919 1499 2997 Vellejo
1540 2990 1541 3005 ¹

238 3021 333 3095 primo
356 3036 382 3090 2,
403 3036 462 3094 124,
481 3037 512 3094 31
539 3021 665 3096 primum
687 3021 890 3097 principalium
913 3017 976 3098 ejus
999 3039 1122 3098 operum
1144 3029 1208 3080 erat
1230 3020 1377 3096 ordinatio
1400 3023 1497 3080 comi-

235 3121 344 3179 tiorum
368 3120 453 3198 (eol,
476 3122 549 3181 Plin.
572 3141 632 3198 ep,
655 3117 753 3196 Suet).

327 3222 413 3293 Quin
435 3241 489 3298 pro
510 3226 617 3282 somnio
640 3233 798 3301 usurpatur
820 3241 849 3296 2,
872 3239 923 3300 70,
949 3242 974 3284 1:
1001 3225 1116 3286 medico
1138 3226 1313 3286 manifestae
1335 3225 1496 3285 denuntia·

238 3325 318 3382 tione
345 3324 451 3400 quietis
478 3327 585 3384 territo.
630 3325 676 3385 Cf.
699 3304 865 3386 Tac.⁸ann.
889 3343 916 3397 1,
939 3327 988 3403 65;
1016 3342 1045 3397 2,
1071 3341 1116 3399 14;
1147 3342 1189 3397 12,
1214 3341 1259 3401 13;
1291 3325 1337 3396 16,
1362 3343 1388 3396 1;
1416 3325 1494 3386 Stat.

237 3424 332 3483 Theb.
359 3440 486 3500 10,·205
508 3433 538 3485 et
560 3442 625 3502 324.

324 3523 478 3601 Scriptura
501 3527 581 3602 apud
603 3528 730 3603 optimos
749 3530 904 3605 scriptores
923 3536 975 3590 aut
992 3538 1084 3589 actum
1103 3530 1408 3604 scribendisignificat
1424 3530 1444 3586 i.
1465 3549 1497 3590 e.

236 3628 429 3702 scriptionem,
453 3631 636 3687 autmodum
659 3630 805 3690 scribendi
823 3632 841 3690 i.
865 3649 890 3690 e.
913 3634 1009 3690 str'tum
1034 3629 1121 3709 (Veli.
1145 3649 1174 3702 2,
1189 3640 1244 3707 32,
1266 3647 1298 3705 31
1330 3629 1497 3704 scripturae

156 3771 159 3778 .
237 3725 360 3804 modus),
380 3728 431 3788 sed
450 3747 509 3788 uno
527 3730 593 3789 loco
611 3730 691 3806 apud
706 3732 852 3810 Vellejum
867 3732 971 3792 dicitur
988 3751 1042 3808 pro
1060 3734 1250 3806 inscriotione,
1268 3748 1328 3805 qua
1345 3732 1494 3807 equestris

236 3836 335 3889 statua
349 3838 470 3888 ornatur
483 3847 510 3901 2,
521 3830 564 3901 61,
578 3847 609 3907 3:
628 3851 706 3908 quae
720 3833 865 3909 hodieque
879 3835 908 3892 in
923 3834 1037 3910 Rostris
1051 3833 1146 3908 posita
1159 3829 1208 3905 (sc.
1222 3838 1320 3890 statua
1335 3830 1494 3909 equestris)

236 3937 364 3989 aetatem
387 3932 449 4007 ejus
472 3933 615 4008 scriptura
636 3934 754 3993 indicat.
788 3934 875 3993 Haec
893 3934 1071 4009 significatio.
1083 3932 1162 4008 apud
1181 3933 1293 3994 nullum
1311 3933 1497 3992 aliumscri-

236 4039 350 4106 piorem
373 4032 485 4092 videtur
506 4042 631 4094 exstare.

237 4179 240 4186 .
322 4132 476 4210 Securitas
491 4136 572 4212 apud
593 4137 719 4212 optimos
742 4136 904 4210 scriptores
919 4137 1064 4212 significat
1084 4139 1250 4196 vacuitatem
1269 4157 1288 4195 o
1306 4155 1385 4203 cura,
1409 4133 1494 4194 unde

236 4235 409 4310 tranquillus
426 4238 458 4296 fit
475 4239 599 4307 animus,
622 4236 860 4314 apudVellejum
883 4244 912 4296 et
934 4238 1109 4313 posteriores
1131 4239 1249 4314 ponitur
1270 4238 1396 4312 primum
1419 4237 1494 4294 sub-

233 4336 337 4412 jective
357 4336 388 4395 in
411 4337 521 4396 malam
544 4345 658 4413 partem
681 4355 734 4414 pro
756 4341 933 4409 remissione,
952 4341 1129 4415 neglsgrennn
1151 4355 1180 4410 2,
1206 4338 1267 4407 118,
1290 4353 1320 4396 2:
1351 4337 1494 4414 frequen·

235 4435 377 4496 tissimum
399 4436 512 4496 initium
535 4456 600 4498 esse
622 4439 797 4498 calamitatis
825 4441 1011 4502 securitatem
1032 4438 1157 4514 (Quint,
1175 4438 1272 4513 Tac.);
1301 4437 1407 4499 deinde
1434 4441 1492 4498 ob·
