<?xml version="1.0" encoding="UTF-8"?>
<!DOCTYPE html PUBLIC "-//W3C//DTD XHTML 1.0 Transitional//EN"
    "http://www.w3.org/TR/xhtml1/DTD/xhtml1-transitional.dtd">
<html xmlns="http://www.w3.org/1999/xhtml" xml:lang="en" lang="en">
 <head>
  <title>
</title>
<meta http-equiv="Content-Type" content="text/html;charset=utf-8" />
  <meta name='ocr-system' content='tesseract 3.04.00' />
  <meta name='ocr-capabilities' content='ocr_page ocr_carea ocr_par ocr_line ocrx_word'/>
</head>
<body>
  <div class='ocr_page' id='page_1' title='image "./deelocutionemve03georgoog_0030.png"; bbox 0 0 3086 5118; ppageno 0'>
   <div class='ocr_carea' id='block_1_1' title="bbox 559 279 759 342">
    <p class='ocr_par' dir='ltr' id='par_1_1' title="bbox 559 279 759 342">
     <span class='ocr_line' id='line_1_1' title="bbox 559 279 759 342; baseline 0 -36"><span class='ocrx_word' id='word_1_1' title='bbox 559 279 759 342; x_wconf 65' lang='lat'>..17-</span> 
     </span>
    </p>
   </div>
   <div class='ocr_carea' id='block_1_2' title="bbox 2 450 1446 4397">
    <p class='ocr_par' dir='ltr' id='par_1_2' title="bbox 2 450 1294 732">
     <span class='ocr_line' id='line_1_2' title="bbox 2 450 1288 531; baseline -0.002 -16"><span class='ocrx_word' id='word_1_2' title='bbox 2 456 17 504; x_wconf 75' lang='lat' dir='ltr'>l</span> <span class='ocrx_word' id='word_1_3' title='bbox 89 505 91 510; x_wconf 68' lang='grc'>,</span> <span class='ocrx_word' id='word_1_4' title='bbox 122 457 315 530; x_wconf 82' lang='lat' dir='ltr'>Praesagium</span> <span class='ocrx_word' id='word_1_5' title='bbox 338 452 545 531; x_wconf 87' lang='lat' dir='ltr'>praeeuntibus</span> <span class='ocrx_word' id='word_1_6' title='bbox 567 450 673 514; x_wconf 82' lang='lat' dir='ltr'>Ouidio</span> <span class='ocrx_word' id='word_1_7' title='bbox 700 459 729 511; x_wconf 85' lang='lat' dir='ltr'>&#39;et</span> <span class='ocrx_word' id='word_1_8' title='bbox 751 450 892 527; x_wconf 71' lang='lat' dir='ltr'>Vergilio¹</span> <span class='ocrx_word' id='word_1_9' title='bbox 907 467 961 527; x_wconf 93' lang='lat' dir='ltr'>pro</span> <span class='ocrx_word' id='word_1_10' title='bbox 977 453 1201 528; x_wconf 77' lang='lat' dir='ltr'>praesensione,</span> <span class='ocrx_word' id='word_1_11' title='bbox 1215 454 1288 512; x_wconf 80' lang='lat' dir='ltr'>ds&#39;ve&#39;·</span> 
     </span>
     <span class='ocr_line' id='line_1_3' title="bbox 30 551 1294 632; baseline -0.004 -15"><span class='ocrx_word' id='word_1_12' title='bbox 30 561 151 617; x_wconf 85' lang='lat' dir='ltr'>natione</span> <span class='ocrx_word' id='word_1_13' title='bbox 173 557 289 632; x_wconf 90' lang='lat' dir='ltr'>ponitur</span> <span class='ocrx_word' id='word_1_14' title='bbox 311 572 337 625; x_wconf 86' lang='lat'>2,</span> <span class='ocrx_word' id='word_1_15' title='bbox 360 570 402 630; x_wconf 84' lang='lat'>57,</span> <span class='ocrx_word' id='word_1_16' title='bbox 428 571 453 611; x_wconf 96' lang='lat'>1:</span> <span class='ocrx_word' id='word_1_17' title='bbox 476 572 546 612; x_wconf 91' lang='lat' dir='ltr'>cum</span> <span class='ocrx_word' id='word_1_18' title='bbox 562 553 687 629; x_wconf 90' lang='lat' dir='ltr'>plurima</span> <span class='ocrx_word' id='word_1_19' title='bbox 709 552 866 629; x_wconf 85' lang='lat' dir='ltr'>praesagia</span> <span class='ocrx_word' id='word_1_20' title='bbox 883 561 974 628; x_wconf 85' lang='lat' dir='ltr'>atque</span> <span class='ocrx_word' id='word_1_21' title='bbox 990 551 1098 612; x_wconf 89' lang='lat' dir='ltr'>indicia</span> <span class='ocrx_word' id='word_1_22' title='bbox 1114 552 1153 612; x_wconf 92' lang='lat' dir='ltr'>dii</span> <span class='ocrx_word' id='word_1_23' title='bbox 1169 553 1294 613; x_wconf 53' lang='lat' dir='ltr'>immors</span> 
     </span>
     <span class='ocr_line' id='line_1_4' title="bbox 30 648 1082 732; baseline -0.008 -12"><span class='ocrx_word' id='word_1_24' title='bbox 30 661 110 720; x_wconf 87' lang='lat' dir='ltr'>tales</span> <span class='ocrx_word' id='word_1_25' title='bbox 133 659 221 718; x_wconf 86' lang='lat' dir='ltr'>futuri</span> <span class='ocrx_word' id='word_1_26' title='bbox 243 657 416 718; x_wconf 86' lang='lat' dir='ltr'>obtulissent</span> <span class='ocrx_word' id='word_1_27' title='bbox 436 655 556 732; x_wconf 87' lang='lat' dir='ltr'>periculi</span> <span class='ocrx_word' id='word_1_28' title='bbox 579 651 663 727; x_wconf 91' lang='lat' dir='ltr'>(Col.,</span> <span class='ocrx_word' id='word_1_29' title='bbox 686 655 758 714; x_wconf 90' lang='lat' dir='ltr'>Plin.</span> <span class='ocrx_word' id='word_1_30' title='bbox 781 648 865 731; x_wconf 69' lang='lat' dir='ltr'>maj,</span> <span class='ocrx_word' id='word_1_31' title='bbox 879 654 962 724; x_wconf 80' lang='lat' dir='ltr'>Tac,</span> <span class='ocrx_word' id='word_1_32' title='bbox 985 653 1082 730; x_wconf 76' lang='lat' dir='ltr'>Suet).</span> 
     </span>
    </p>

    <p class='ocr_par' dir='ltr' id='par_1_3' title="bbox 36 754 1294 937">
     <span class='ocr_line' id='line_1_5' title="bbox 122 754 1294 836; baseline -0.003 -16"><span class='ocrx_word' id='word_1_33' title='bbox 122 761 244 820; x_wconf 83' lang='lat' dir='ltr'><em>Priores</em></span> <span class='ocrx_word' id='word_1_34' title='bbox 264 777 318 836; x_wconf 93' lang='lat' dir='ltr'>pro</span> <span class='ocrx_word' id='word_1_35' title='bbox 341 759 501 836; x_wconf 82' lang='lat' dir='ltr'>majoribus</span> <span class='ocrx_word' id='word_1_36' title='bbox 524 773 553 826; x_wconf 88' lang='grc'>2,</span> <span class='ocrx_word' id='word_1_37' title='bbox 576 773 620 833; x_wconf 98' lang='grc'>91,</span> <span class='ocrx_word' id='word_1_38' title='bbox 641 773 674 829; x_wconf 90' lang='lat'>4:</span> <span class='ocrx_word' id='word_1_39' title='bbox 701 774 797 832; x_wconf 89' lang='lat' dir='ltr'>neque</span> <span class='ocrx_word' id='word_1_40' title='bbox 818 757 866 816; x_wconf 89' lang='lat' dir='ltr'>hic</span> <span class='ocrx_word' id='word_1_41' title='bbox 887 757 1029 832; x_wconf 83' lang='lat' dir='ltr'>prioribus</span> <span class='ocrx_word' id='word_1_42' title='bbox 1055 754 1085 814; x_wconf 91' lang='lat' dir='ltr'>in</span> <span class='ocrx_word' id='word_1_43' title='bbox 1112 754 1294 816; x_wconf 87' lang='lat' dir='ltr'>occultando.</span> 
     </span>
     <span class='ocr_line' id='line_1_6' title="bbox 36 852 949 937; baseline -0.008 -15"><span class='ocrx_word' id='word_1_44' title='bbox 36 863 153 924; x_wconf 87' lang='lat' dir='ltr'><strong>felicior</strong></span> <span class='ocrx_word' id='word_1_45' title='bbox 175 859 443 937; x_wconf 76' lang='lat' dir='ltr'>fuittverg.,01.,</span> <span class='ocrx_word' id='word_1_46' title='bbox 466 859 539 931; x_wconf 83' lang='lat' dir='ltr'>Cot,</span> <span class='ocrx_word' id='word_1_47' title='bbox 562 852 647 918; x_wconf 88' lang='lat' dir='ltr'>Plinii</span> <span class='ocrx_word' id='word_1_48' title='bbox 668 857 776 935; x_wconf 86' lang='lat' dir='ltr'>ambo).</span> <span class='ocrx_word' id='word_1_49' title='bbox 947 919 949 922; x_wconf 69' lang='grc'>,</span> 
     </span>
    </p>

    <p class='ocr_par' dir='ltr' id='par_1_4' title="bbox 32 957 1407 1345">
     <span class='ocr_line' id='line_1_7' title="bbox 124 957 1289 1039; baseline -0.006 -16"><span class='ocrx_word' id='word_1_50' title='bbox 124 963 256 1039; x_wconf 82' lang='lat' dir='ltr'><em>Sanguis</em></span> <span class='ocrx_word' id='word_1_51' title='bbox 282 971 421 1022; x_wconf 89' lang='lat' dir='ltr'>concreto</span> <span class='ocrx_word' id='word_1_52' title='bbox 446 980 533 1022; x_wconf 91' lang='lat' dir='ltr'>sensu</span> <span class='ocrx_word' id='word_1_53' title='bbox 562 970 720 1038; x_wconf 82' lang='lat' dir='ltr'>usurpatur</span> <span class='ocrx_word' id='word_1_54' title='bbox 745 978 799 1037; x_wconf 93' lang='lat' dir='ltr'>pro</span> <span class='ocrx_word' id='word_1_55' title='bbox 830 961 926 1020; x_wconf 87' lang='lat' dir='ltr'>liberis</span> <span class='ocrx_word' id='word_1_56' title='bbox 953 960 1075 1036; x_wconf 86' lang='lat' dir='ltr'>aliisque</span> <span class='ocrx_word' id='word_1_57' title='bbox 1102 966 1182 1018; x_wconf 88' lang='lat' dir='ltr'>recta</span> <span class='ocrx_word' id='word_1_58' title='bbox 1211 957 1289 1017; x_wconf 88' lang='lat' dir='ltr'>linea</span> 
     </span>
     <span class='ocr_line' id='line_1_8' title="bbox 32 1063 1388 1139; baseline -0.007 -13"><span class='ocrx_word' id='word_1_59' title='bbox 32 1064 264 1126; x_wconf 85' lang='lat' dir='ltr'>ascendentibus</span> <span class='ocrx_word' id='word_1_60' title='bbox 285 1072 338 1123; x_wconf 90' lang='lat' dir='ltr'>aut</span> <span class='ocrx_word' id='word_1_61' title='bbox 360 1063 602 1124; x_wconf 85' lang='lat' dir='ltr'>descendentibus</span> <span class='ocrx_word' id='word_1_62' title='bbox 627 1079 651 1134; x_wconf 96' lang='lat'>1,</span> <span class='ocrx_word' id='word_1_63' title='bbox 677 1079 724 1133; x_wconf 92' lang='lat'>10,</span> <span class='ocrx_word' id='word_1_64' title='bbox 748 1077 784 1138; x_wconf 85' lang='lat'>5:</span> <span class='ocrx_word' id='word_1_65' title='bbox 807 1081 883 1139; x_wconf 92' lang='lat' dir='ltr'>quae</span> <span class='ocrx_word' id='word_1_66' title='bbox 905 1081 961 1120; x_wconf 88' lang='lat' dir='ltr'>vox</span> <span class='ocrx_word' id='word_1_67' title='bbox 983 1078 1094 1136; x_wconf 85' lang='lat' dir='ltr'>magna</span> <span class='ocrx_word' id='word_1_68' title='bbox 1115 1071 1199 1136; x_wconf 88' lang='lat' dir='ltr'>parte</span> <span class='ocrx_word' id='word_1_69' title='bbox 1221 1077 1289 1118; x_wconf 89' lang='lat' dir='ltr'>eum</span> <span class='ocrx_word' id='word_1_70' title='bbox 1385 1081 1388 1092; x_wconf 88' lang='lat'><strong>·</strong></span> 
     </span>
     <span class='ocr_line' id='line_1_9' title="bbox 34 1152 1407 1244; baseline -0.006 -17"><span class='ocrx_word' id='word_1_71' title='bbox 34 1168 174 1244; x_wconf 89' lang='lat' dir='ltr'>spoliavit</span> <span class='ocrx_word' id='word_1_72' title='bbox 189 1167 340 1242; x_wconf 82' lang='lat' dir='ltr'>sanguinis</span> <span class='ocrx_word' id='word_1_73' title='bbox 358 1166 402 1226; x_wconf 87' lang='lat' dir='ltr'>sui</span> <span class='ocrx_word' id='word_1_74' title='bbox 423 1165 533 1241; x_wconf 77' lang='lat' dir='ltr'>(Verg,</span> <span class='ocrx_word' id='word_1_75' title='bbox 552 1165 635 1235; x_wconf 80' lang='lat' dir='ltr'>Hor,</span> <span class='ocrx_word' id='word_1_76' title='bbox 653 1165 716 1224; x_wconf 88' lang='lat' dir='ltr'>Liv.</span> <span class='ocrx_word' id='word_1_77' title='bbox 735 1181 795 1238; x_wconf 55' lang='lat' dir='ltr'>4o‚*</span> <span class='ocrx_word' id='word_1_78' title='bbox 802 1181 827 1240; x_wconf 85' lang='lat'>5,</span> <span class='ocrx_word' id='word_1_79' title='bbox 849 1179 874 1235; x_wconf 89' lang='lat'>1;</span> <span class='ocrx_word' id='word_1_80' title='bbox 894 1165 960 1222; x_wconf 91' lang='lat' dir='ltr'>Val.</span> <span class='ocrx_word' id='word_1_81' title='bbox 978 1161 1069 1232; x_wconf 76' lang='lat' dir='ltr'>Mau,</span> <span class='ocrx_word' id='word_1_82' title='bbox 1088 1161 1170 1232; x_wconf 85' lang='lat' dir='ltr'>Tac,</span> <span class='ocrx_word' id='word_1_83' title='bbox 1190 1155 1288 1235; x_wconf 79' lang='lat' dir='ltr'>Cum).</span> <span class='ocrx_word' id='word_1_84' title='bbox 1310 1203 1311 1206; x_wconf 63' lang='lat'>,</span> <span class='ocrx_word' id='word_1_85' title='bbox 1398 1152 1407 1156; x_wconf 72' lang='grc'><strong>’</strong></span> 
     </span>
     <span class='ocr_line' id='line_1_10' title="bbox 36 1266 823 1345; baseline -0.006 -17"><span class='ocrx_word' id='word_1_86' title='bbox 36 1267 84 1328; x_wconf 88' lang='lat' dir='ltr'>Cs.</span> <span class='ocrx_word' id='word_1_87' title='bbox 106 1268 364 1345; x_wconf 81' lang='lat' dir='ltr'>Krebs-Allgayer,</span> <span class='ocrx_word' id='word_1_88' title='bbox 388 1268 539 1326; x_wconf 88' lang='lat' dir='ltr'>Antibarb.</span> <span class='ocrx_word' id='word_1_89' title='bbox 563 1266 609 1324; x_wconf 91' lang='lat' dir='ltr'>ed.</span> <span class='ocrx_word' id='word_1_90' title='bbox 631 1266 668 1323; x_wconf 92' lang='lat' dir='ltr'>V.</span> <span class='ocrx_word' id='word_1_91' title='bbox 691 1285 718 1342; x_wconf 89' lang='lat' dir='ltr'>p.</span> <span class='ocrx_word' id='word_1_92' title='bbox 743 1282 823 1340; x_wconf 89' lang='lat'>1041.</span> 
     </span>
    </p>

    <p class='ocr_par' dir='ltr' id='par_1_5' title="bbox 38 1363 1288 1648">
     <span class='ocr_line' id='line_1_11' title="bbox 127 1363 1287 1445; baseline -0.004 -18"><span class='ocrx_word' id='word_1_93' title='bbox 127 1369 235 1445; x_wconf 80' lang='lat' dir='ltr'>Superi</span> <span class='ocrx_word' id='word_1_94' title='bbox 254 1370 388 1428; x_wconf 88' lang='lat' dir='ltr'>dicuntur</span> <span class='ocrx_word' id='word_1_95' title='bbox 409 1369 551 1438; x_wconf 87' lang='lat' dir='ltr'>homines,</span> <span class='ocrx_word' id='word_1_96' title='bbox 573 1368 623 1444; x_wconf 88' lang='lat' dir='ltr'>qui</span> <span class='ocrx_word' id='word_1_97' title='bbox 644 1367 674 1425; x_wconf 90' lang='lat' dir='ltr'>in</span> <span class='ocrx_word' id='word_1_98' title='bbox 695 1375 774 1426; x_wconf 89' lang='lat' dir='ltr'>terra</span> <span class='ocrx_word' id='word_1_99' title='bbox 796 1374 871 1438; x_wconf 88' lang='lat' dir='ltr'>sunt,</span> <span class='ocrx_word' id='word_1_100' title='bbox 894 1364 1019 1443; x_wconf 87' lang='lat' dir='ltr'>oppositi</span> <span class='ocrx_word' id='word_1_101' title='bbox 1036 1364 1142 1437; x_wconf 87' lang='lat' dir='ltr'>inferis,</span> <span class='ocrx_word' id='word_1_102' title='bbox 1160 1365 1178 1424; x_wconf 86' lang='lat' dir='ltr'>i.</span> <span class='ocrx_word' id='word_1_103' title='bbox 1197 1381 1222 1423; x_wconf 92' lang='lat' dir='ltr'>e.</span> <span class='ocrx_word' id='word_1_104' title='bbox 1244 1363 1287 1433; x_wconf 89' lang='lat' dir='ltr'>iis,</span> 
     </span>
     <span class='ocr_line' id='line_1_12' title="bbox 38 1466 1288 1548; baseline -0.004 -16"><span class='ocrx_word' id='word_1_105' title='bbox 38 1473 89 1548; x_wconf 90' lang='lat' dir='ltr'>qui</span> <span class='ocrx_word' id='word_1_106' title='bbox 112 1482 194 1530; x_wconf 86' lang='lat' dir='ltr'>extra</span> <span class='ocrx_word' id='word_1_107' title='bbox 215 1479 324 1530; x_wconf 87' lang='lat' dir='ltr'>terram</span> <span class='ocrx_word' id='word_1_108' title='bbox 346 1478 505 1540; x_wconf 83' lang='lat' dir='ltr'>versantur,</span> <span class='ocrx_word' id='word_1_109' title='bbox 527 1470 545 1528; x_wconf 91' lang='lat' dir='ltr'>i.</span> <span class='ocrx_word' id='word_1_110' title='bbox 566 1487 593 1529; x_wconf 88' lang='lat' dir='ltr'>e.</span> <span class='ocrx_word' id='word_1_111' title='bbox 616 1469 737 1528; x_wconf 81' lang='lat' dir='ltr'>mortuis</span> <span class='ocrx_word' id='word_1_112' title='bbox 764 1485 789 1539; x_wconf 91' lang='grc'>2,</span> <span class='ocrx_word' id='word_1_113' title='bbox 815 1467 862 1542; x_wconf 92' lang='lat'>48,</span> <span class='ocrx_word' id='word_1_114' title='bbox 890 1483 919 1526; x_wconf 87' lang='lat'>2:</span> <span class='ocrx_word' id='word_1_115' title='bbox 951 1486 1041 1545; x_wconf 91' lang='lat' dir='ltr'>quam</span> <span class='ocrx_word' id='word_1_116' title='bbox 1063 1466 1142 1543; x_wconf 89' lang='lat' dir='ltr'>apud</span> <span class='ocrx_word' id='word_1_117' title='bbox 1169 1483 1288 1542; x_wconf 91' lang='lat' dir='ltr'>superos</span> 
     </span>
     <span class='ocr_line' id='line_1_13' title="bbox 38 1568 1285 1648; baseline -0.006 -16"><span class='ocrx_word' id='word_1_118' title='bbox 38 1573 184 1634; x_wconf 85' lang='lat' dir='ltr'>habuerat</span> <span class='ocrx_word' id='word_1_119' title='bbox 205 1571 451 1648; x_wconf 85' lang='lat' dir='ltr'>magnitudinem,</span> <span class='ocrx_word' id='word_1_120' title='bbox 472 1571 616 1632; x_wconf 82' lang='lat' dir='ltr'>illibatam</span> <span class='ocrx_word' id='word_1_121' title='bbox 637 1571 787 1643; x_wconf 81' lang='lat' dir='ltr'>detulisset</span> <span class='ocrx_word' id='word_1_122' title='bbox 810 1571 848 1629; x_wconf 91' lang='lat' dir='ltr'>ad</span> <span class='ocrx_word' id='word_1_123' title='bbox 869 1570 986 1630; x_wconf 81' lang='lat' dir='ltr'>inlesos.</span> <span class='ocrx_word' id='word_1_124' title='bbox 1030 1568 1074 1628; x_wconf 85' lang='lat' dir='ltr'>Cf.</span> <span class='ocrx_word' id='word_1_125' title='bbox 1097 1570 1188 1644; x_wconf 82' lang='lat' dir='ltr'>Verg.</span> <span class='ocrx_word' id='word_1_126' title='bbox 1211 1569 1285 1628; x_wconf 81' lang='lat' dir='ltr'>Aen.</span> 
     </span>
    </p>

    <p class='ocr_par' dir='ltr' id='par_1_6' title="bbox 39 1659 804 1753">
     <span class='ocr_line' id='line_1_14' title="bbox 39 1659 804 1753; baseline -0.003 -21"><span class='ocrx_word' id='word_1_127' title='bbox 39 1673 70 1747; x_wconf 84' lang='lat'>6,</span> <span class='ocrx_word' id='word_1_128' title='bbox 92 1675 145 1750; x_wconf 87' lang='lat'>481</span> <span class='ocrx_word' id='word_1_129' title='bbox 167 1684 195 1753; x_wconf 75' lang='lat' dir='ltr'>et</span> <span class='ocrx_word' id='word_1_130' title='bbox 215 1673 286 1751; x_wconf 72' lang='grc' dir='ltr'>ι680.</span> <span class='ocrx_word' id='word_1_131' title='bbox 306 1704 347 1716; x_wconf 85' lang='lat'>-</span> <span class='ocrx_word' id='word_1_132' title='bbox 803 1659 804 1664; x_wconf 8' lang='grc' dir='ltr'>ἵ</span> 
     </span>
    </p>

    <p class='ocr_par' dir='ltr' id='par_1_7' title="bbox 38 1771 1289 2041">
     <span class='ocr_line' id='line_1_15' title="bbox 126 1771 1287 1856; baseline -0.007 -19"><span class='ocrx_word' id='word_1_133' title='bbox 126 1778 194 1856; x_wconf 88' lang='lat' dir='ltr'>Jam</span> <span class='ocrx_word' id='word_1_134' title='bbox 216 1777 295 1854; x_wconf 89' lang='lat' dir='ltr'>apud</span> <span class='ocrx_word' id='word_1_135' title='bbox 318 1777 481 1852; x_wconf 86' lang='lat' dir='ltr'>superiores</span> <span class='ocrx_word' id='word_1_136' title='bbox 499 1777 662 1854; x_wconf 85' lang='lat' dir='ltr'>scriptores,</span> <span class='ocrx_word' id='word_1_137' title='bbox 680 1776 711 1835; x_wconf 92' lang='lat' dir='ltr'>in</span> <span class='ocrx_word' id='word_1_138' title='bbox 730 1775 828 1852; x_wconf 89' lang='lat' dir='ltr'>primis</span> <span class='ocrx_word' id='word_1_139' title='bbox 846 1774 925 1850; x_wconf 88' lang='lat' dir='ltr'>apud</span> <span class='ocrx_word' id='word_1_140' title='bbox 942 1773 1110 1833; x_wconf 84' lang='lat' dir='ltr'>Sallustium</span> <span class='ocrx_word' id='word_1_141' title='bbox 1128 1781 1157 1831; x_wconf 92' lang='lat' dir='ltr'>et</span> <span class='ocrx_word' id='word_1_142' title='bbox 1174 1771 1287 1831; x_wconf 87' lang='lat' dir='ltr'>Livium</span> 
     </span>
     <span class='ocr_line' id='line_1_16' title="bbox 38 1871 1289 1955; baseline -0.004 -17"><span class='ocrx_word' id='word_1_143' title='bbox 38 1880 143 1940; x_wconf 91' lang='lat' dir='ltr'>iisdem</span> <span class='ocrx_word' id='word_1_144' title='bbox 161 1879 428 1954; x_wconf 81' lang='lat' dir='ltr'>significationibus,</span> <span class='ocrx_word' id='word_1_145' title='bbox 448 1879 553 1955; x_wconf 90' lang='lat' dir='ltr'>quibus</span> <span class='ocrx_word' id='word_1_146' title='bbox 567 1877 651 1954; x_wconf 89' lang='lat' dir='ltr'>apud</span> <span class='ocrx_word' id='word_1_147' title='bbox 669 1877 821 1954; x_wconf 86' lang='lat' dir='ltr'>Vellejum,</span> <span class='ocrx_word' id='word_1_148' title='bbox 836 1875 889 1936; x_wconf 91' lang='lat' dir='ltr'>sed</span> <span class='ocrx_word' id='word_1_149' title='bbox 906 1877 999 1936; x_wconf 85' lang='lat' dir='ltr'>rarius</span> <span class='ocrx_word' id='word_1_150' title='bbox 1017 1871 1202 1934; x_wconf 88' lang='lat' dir='ltr'>inveniuntur</span> <span class='ocrx_word' id='word_1_151' title='bbox 1220 1873 1289 1933; x_wconf 87' lang='lat' dir='ltr'>sub·</span> 
     </span>
     <span class='ocr_line' id='line_1_17' title="bbox 40 1969 273 2041; baseline -0.009 0"><span class='ocrx_word' id='word_1_152' title='bbox 40 1969 168 2041; x_wconf 86' lang='lat' dir='ltr'>stantiva</span> <span class='ocrx_word' id='word_1_153' title='bbox 186 1980 273 2039; x_wconf 89' lang='lat' dir='ltr'>haec:</span> 
     </span>
    </p>

    <p class='ocr_par' dir='ltr' id='par_1_8' title="bbox 38 2077 1291 2360">
     <span class='ocr_line' id='line_1_18' title="bbox 127 2077 1291 2157; baseline -0.003 -17"><span class='ocrx_word' id='word_1_154' title='bbox 127 2084 210 2140; x_wconf 82' lang='lat' dir='ltr'>Acies</span> <span class='ocrx_word' id='word_1_155' title='bbox 235 2085 384 2157; x_wconf 72' lang='lat' dir='ltr'>equestres,</span> <span class='ocrx_word' id='word_1_156' title='bbox 411 2101 510 2141; x_wconf 89' lang='lat' dir='ltr'>rarum</span> <span class='ocrx_word' id='word_1_157' title='bbox 536 2080 652 2139; x_wconf 88' lang='lat' dir='ltr'>dicendi</span> <span class='ocrx_word' id='word_1_158' title='bbox 678 2098 785 2156; x_wconf 84' lang='lat' dir='ltr'>genus,</span> <span class='ocrx_word' id='word_1_159' title='bbox 813 2088 969 2155; x_wconf 85' lang='lat' dir='ltr'>usurpatur</span> <span class='ocrx_word' id='word_1_160' title='bbox 990 2093 1019 2148; x_wconf 90' lang='lat'>2,</span> <span class='ocrx_word' id='word_1_161' title='bbox 1044 2093 1103 2148; x_wconf 86' lang='lat'>112,</span> <span class='ocrx_word' id='word_1_162' title='bbox 1126 2093 1156 2154; x_wconf 85' lang='lat'>5:</span> <span class='ocrx_word' id='word_1_163' title='bbox 1188 2077 1291 2150; x_wconf 81' lang='lat' dir='ltr'>fugata</span> 
     </span>
     <span class='ocr_line' id='line_1_19' title="bbox 38 2175 1290 2260; baseline -0.006 -18"><span class='ocrx_word' id='word_1_164' title='bbox 38 2185 190 2260; x_wconf 88' lang='lat' dir='ltr'>regiorum</span> <span class='ocrx_word' id='word_1_165' title='bbox 212 2184 353 2260; x_wconf 89' lang='lat' dir='ltr'>equestris</span> <span class='ocrx_word' id='word_1_166' title='bbox 375 2185 463 2251; x_wconf 83' lang='lat' dir='ltr'>acies.</span> <span class='ocrx_word' id='word_1_167' title='bbox 485 2183 607 2258; x_wconf 86' lang='lat' dir='ltr'>fugatae</span> <span class='ocrx_word' id='word_1_168' title='bbox 628 2183 702 2252; x_wconf 89' lang='lat' dir='ltr'>alae,</span> <span class='ocrx_word' id='word_1_169' title='bbox 725 2199 884 2242; x_wconf 88' lang='lat' dir='ltr'>conversae</span> <span class='ocrx_word' id='word_1_170' title='bbox 902 2180 1036 2240; x_wconf 85' lang='lat' dir='ltr'>cohortes</span> <span class='ocrx_word' id='word_1_171' title='bbox 1058 2187 1126 2239; x_wconf 87' lang='lat' dir='ltr'>sunt</span> <span class='ocrx_word' id='word_1_172' title='bbox 1147 2175 1241 2255; x_wconf 88' lang='lat' dir='ltr'>(Auct.</span> <span class='ocrx_word' id='word_1_173' title='bbox 1262 2178 1290 2235; x_wconf 91' lang='lat' dir='ltr'>b.</span> 
     </span>
     <span class='ocr_line' id='line_1_20' title="bbox 39 2279 1026 2360; baseline -0.005 -16"><span class='ocrx_word' id='word_1_174' title='bbox 39 2287 106 2344; x_wconf 85' lang='lat' dir='ltr'>Afr.</span> <span class='ocrx_word' id='word_1_175' title='bbox 130 2284 174 2360; x_wconf 85' lang='lat'>38,</span> <span class='ocrx_word' id='word_1_176' title='bbox 197 2302 228 2358; x_wconf 89' lang='lat'>4:</span> <span class='ocrx_word' id='word_1_177' title='bbox 250 2285 329 2344; x_wconf 87' lang='lat' dir='ltr'>acies</span> <span class='ocrx_word' id='word_1_178' title='bbox 351 2287 506 2360; x_wconf 88' lang='lat' dir='ltr'>equestris;</span> <span class='ocrx_word' id='word_1_179' title='bbox 525 2285 587 2344; x_wconf 88' lang='lat' dir='ltr'>Liv.</span> <span class='ocrx_word' id='word_1_180' title='bbox 610 2283 636 2353; x_wconf 94' lang='lat'>8,</span> <span class='ocrx_word' id='word_1_181' title='bbox 659 2300 753 2359; x_wconf 84' lang='lat'>39,1:</span> <span class='ocrx_word' id='word_1_182' title='bbox 777 2285 854 2350; x_wconf 89' lang='lat' dir='ltr'>acies</span> <span class='ocrx_word' id='word_1_183' title='bbox 876 2279 1026 2358; x_wconf 88' lang='lat' dir='ltr'>equitum).</span> 
     </span>
    </p>

    <p class='ocr_par' dir='ltr' id='par_1_9' title="bbox 37 2363 1446 2974">
     <span class='ocr_line' id='line_1_21' title="bbox 129 2363 1292 2465; baseline -0.004 -20"><span class='ocrx_word' id='word_1_184' title='bbox 129 2388 311 2465; x_wconf 80' lang='lat' dir='ltr'>Adjuloriueee</span> <span class='ocrx_word' id='word_1_185' title='bbox 334 2405 387 2462; x_wconf 96' lang='lat' dir='ltr'>pro</span> <span class='ocrx_word' id='word_1_186' title='bbox 409 2388 524 2446; x_wconf 81' lang='lat' dir='ltr'>auxilio</span> <span class='ocrx_word' id='word_1_187' title='bbox 542 2402 566 2455; x_wconf 90' lang='lat'>2,</span> <span class='ocrx_word' id='word_1_188' title='bbox 591 2401 645 2456; x_wconf 90' lang='lat'>112,</span> <span class='ocrx_word' id='word_1_189' title='bbox 668 2403 700 2459; x_wconf 92' lang='lat'>4:</span> <span class='ocrx_word' id='word_1_190' title='bbox 723 2401 864 2460; x_wconf 84' lang='lat' dir='ltr'>magnam</span> <span class='ocrx_word' id='word_1_191' title='bbox 879 2385 1029 2449; x_wconf 89' lang='lat' dir='ltr'>Thracum</span> <span class='ocrx_word' id='word_1_192' title='bbox 1052 2363 1180 2441; x_wconf 30' lang='lat' dir='ltr'>manum*</span> <span class='ocrx_word' id='word_1_193' title='bbox 1191 2383 1220 2440; x_wconf 93' lang='lat' dir='ltr'>in</span> <span class='ocrx_word' id='word_1_194' title='bbox 1239 2381 1292 2441; x_wconf 88' lang='lat' dir='ltr'>ad·</span> 
     </span>
     <span class='ocr_line' id='line_1_22' title="bbox 37 2485 1330 2568; baseline -0.002 -20"><span class='ocrx_word' id='word_1_195' title='bbox 37 2491 179 2568; x_wconf 89' lang='lat' dir='ltr'>jutorium</span> <span class='ocrx_word' id='word_1_196' title='bbox 201 2490 276 2567; x_wconf 68' lang='lat' dir='ltr'>ejus„</span> <span class='ocrx_word' id='word_1_197' title='bbox 286 2489 353 2547; x_wconf 92' lang='lat' dir='ltr'>belli</span> <span class='ocrx_word' id='word_1_198' title='bbox 376 2506 476 2548; x_wconf 89' lang='lat' dir='ltr'>secum</span> <span class='ocrx_word' id='word_1_199' title='bbox 493 2489 637 2548; x_wconf 82' lang='lat' dir='ltr'>trahebat</span> <span class='ocrx_word' id='word_1_200' title='bbox 676 2487 743 2547; x_wconf 90' lang='lat' dir='ltr'>Hac</span> <span class='ocrx_word' id='word_1_201' title='bbox 761 2505 832 2547; x_wconf 91' lang='lat' dir='ltr'>voce</span> <span class='ocrx_word' id='word_1_202' title='bbox 851 2486 1024 2546; x_wconf 88' lang='lat' dir='ltr'>Ciceronem</span> <span class='ocrx_word' id='word_1_203' title='bbox 1041 2485 1184 2547; x_wconf 89' lang='lat' dir='ltr'>translata</span> <span class='ocrx_word' id='word_1_204' title='bbox 1202 2485 1291 2560; x_wconf 81' lang='lat' dir='ltr'>signi·</span> <span class='ocrx_word' id='word_1_205' title='bbox 1328 2541 1330 2546; x_wconf 91' lang='lat'><em>.</em></span> 
     </span>
     <span class='ocr_line' id='line_1_23' title="bbox 38 2584 1291 2664; baseline -0.006 -13"><span class='ocrx_word' id='word_1_206' title='bbox 38 2591 178 2651; x_wconf 89' lang='lat' dir='ltr'>ficatione</span> <span class='ocrx_word' id='word_1_207' title='bbox 199 2609 285 2648; x_wconf 91' lang='lat' dir='ltr'>usum</span> <span class='ocrx_word' id='word_1_208' title='bbox 307 2590 395 2650; x_wconf 90' lang='lat' dir='ltr'>fuisse</span> <span class='ocrx_word' id='word_1_209' title='bbox 417 2589 581 2650; x_wconf 86' lang='lat' dir='ltr'>Columella</span> <span class='ocrx_word' id='word_1_210' title='bbox 604 2589 640 2649; x_wconf 87' lang='lat' dir='ltr'>de</span> <span class='ocrx_word' id='word_1_211' title='bbox 662 2608 693 2649; x_wconf 89' lang='lat' dir='ltr'>re</span> <span class='ocrx_word' id='word_1_212' title='bbox 715 2598 785 2658; x_wconf 83' lang='lat' dir='ltr'>rust,</span> <span class='ocrx_word' id='word_1_213' title='bbox 805 2605 844 2651; x_wconf 90' lang='grc'>12.</span> <span class='ocrx_word' id='word_1_214' title='bbox 862 2588 953 2664; x_wconf 82' lang='lat' dir='ltr'>prael.</span> <span class='ocrx_word' id='word_1_215' title='bbox 978 2605 989 2645; x_wconf 97' lang='lat'>1</span> <span class='ocrx_word' id='word_1_216' title='bbox 1013 2595 1136 2646; x_wconf 85' lang='lat' dir='ltr'>testatur</span> <span class='ocrx_word' id='word_1_217' title='bbox 1157 2584 1291 2663; x_wconf 71' lang='lat' dir='ltr'>(adjuto-</span> 
     </span>
     <span class='ocr_line' id='line_1_24' title="bbox 39 2688 1446 2770; baseline -0.004 -20"><span class='ocrx_word' id='word_1_218' title='bbox 39 2694 85 2752; x_wconf 88' lang='lat' dir='ltr'>ria</span> <span class='ocrx_word' id='word_1_219' title='bbox 103 2688 285 2767; x_wconf 87' lang='lat' dir='ltr'>senectutis‘),</span> <span class='ocrx_word' id='word_1_220' title='bbox 309 2691 369 2761; x_wconf 87' lang='lat' dir='ltr'>sed,</span> <span class='ocrx_word' id='word_1_221' title='bbox 393 2698 491 2750; x_wconf 87' lang='lat' dir='ltr'>utrum</span> <span class='ocrx_word' id='word_1_222' title='bbox 508 2691 557 2750; x_wconf 86' lang='lat' dir='ltr'>ille</span> <span class='ocrx_word' id='word_1_223' title='bbox 578 2693 701 2766; x_wconf 86' lang='lat' dir='ltr'>scriptor</span> <span class='ocrx_word' id='word_1_224' title='bbox 723 2690 872 2750; x_wconf 92' lang='lat' dir='ltr'>Ciceronis</span> <span class='ocrx_word' id='word_1_225' title='bbox 893 2690 983 2749; x_wconf 88' lang='lat' dir='ltr'>verba</span> <span class='ocrx_word' id='word_1_226' title='bbox 1005 2689 1069 2764; x_wconf 89' lang='lat' dir='ltr'>ipsa</span> <span class='ocrx_word' id='word_1_227' title='bbox 1091 2688 1228 2757; x_wconf 90' lang='lat' dir='ltr'>attulerit,</span> <span class='ocrx_word' id='word_1_228' title='bbox 1251 2705 1291 2746; x_wconf 89' lang='lat' dir='ltr'>an</span> <span class='ocrx_word' id='word_1_229' title='bbox 1386 2765 1388 2770; x_wconf 14' lang='grc' dir='ltr'><strong><em>Α</em></strong></span> <span class='ocrx_word' id='word_1_230' title='bbox 1444 2756 1446 2760; x_wconf 21' lang='lat'><strong>¹</strong></span> 
     </span>
     <span class='ocr_line' id='line_1_25' title="bbox 39 2788 1289 2867; baseline -0.003 -15"><span class='ocrx_word' id='word_1_231' title='bbox 39 2794 210 2852; x_wconf 88' lang='lat' dir='ltr'>memoriter</span> <span class='ocrx_word' id='word_1_232' title='bbox 231 2793 345 2852; x_wconf 91' lang='lat' dir='ltr'>locutus</span> <span class='ocrx_word' id='word_1_233' title='bbox 367 2793 411 2867; x_wconf 89' lang='lat' dir='ltr'>sit,</span> <span class='ocrx_word' id='word_1_234' title='bbox 433 2795 463 2852; x_wconf 92' lang='lat' dir='ltr'>in</span> <span class='ocrx_word' id='word_1_235' title='bbox 488 2794 600 2853; x_wconf 88' lang='lat' dir='ltr'>incerto</span> <span class='ocrx_word' id='word_1_236' title='bbox 621 2800 665 2852; x_wconf 90' lang='lat' dir='ltr'>est</span> <span class='ocrx_word' id='word_1_237' title='bbox 687 2789 776 2867; x_wconf 79' lang='lat' dir='ltr'>(Asin.</span> <span class='ocrx_word' id='word_1_238' title='bbox 803 2792 875 2851; x_wconf 88' lang='lat' dir='ltr'>Poll.</span> <span class='ocrx_word' id='word_1_239' title='bbox 903 2790 982 2867; x_wconf 89' lang='lat' dir='ltr'>apud</span> <span class='ocrx_word' id='word_1_240' title='bbox 1004 2791 1095 2860; x_wconf 78' lang='lat' dir='ltr'>Suet,</span> <span class='ocrx_word' id='word_1_241' title='bbox 1118 2790 1185 2849; x_wconf 91' lang='lat' dir='ltr'>Sen.</span> <span class='ocrx_word' id='word_1_242' title='bbox 1207 2788 1289 2866; x_wconf 81' lang='lat' dir='ltr'>phil,</span> 
     </span>
     <span class='ocr_line' id='line_1_26' title="bbox 40 2891 1267 2974; baseline -0.004 -21"><span class='ocrx_word' id='word_1_243' title='bbox 40 2895 155 2968; x_wconf 80' lang='lat' dir='ltr'>Quint,</span> <span class='ocrx_word' id='word_1_244' title='bbox 178 2891 302 2970; x_wconf 70' lang='lat' dir='ltr'>poster).</span> <span class='ocrx_word' id='word_1_245' title='bbox 1265 2971 1267 2974; x_wconf 22' lang='grc' dir='ltr'>Ι</span> 
     </span>
    </p>

    <p class='ocr_par' dir='ltr' id='par_1_10' title="bbox 38 2993 1290 3277">
     <span class='ocr_line' id='line_1_27' title="bbox 128 2993 1290 3072; baseline -0.004 -17"><span class='ocrx_word' id='word_1_246' title='bbox 128 2999 248 3055; x_wconf 81' lang='lat' dir='ltr'>Aemula</span> <span class='ocrx_word' id='word_1_247' title='bbox 269 2998 359 3056; x_wconf 90' lang='lat' dir='ltr'>subst.</span> <span class='ocrx_word' id='word_1_248' title='bbox 382 3015 450 3072; x_wconf 86' lang='lat' dir='ltr'>geu.</span> <span class='ocrx_word' id='word_1_249' title='bbox 474 2997 542 3056; x_wconf 86' lang='lat' dir='ltr'>sem.</span> <span class='ocrx_word' id='word_1_250' title='bbox 563 3012 642 3068; x_wconf 89' lang='lat'>1,12,</span> <span class='ocrx_word' id='word_1_251' title='bbox 663 2994 695 3055; x_wconf 88' lang='lat'>6:</span> <span class='ocrx_word' id='word_1_252' title='bbox 718 2995 846 3055; x_wconf 88' lang='lat' dir='ltr'>Romani</span> <span class='ocrx_word' id='word_1_253' title='bbox 867 2996 969 3071; x_wconf 91' lang='lat' dir='ltr'>imperi</span> <span class='ocrx_word' id='word_1_254' title='bbox 987 2993 1137 3069; x_wconf 81' lang='lat' dir='ltr'>Carthago</span> <span class='ocrx_word' id='word_1_255' title='bbox 1160 2993 1290 3062; x_wconf 83' lang='lat' dir='ltr'>aemula3</span> 
     </span>
     <span class='ocr_line' id='line_1_28' title="bbox 38 3091 1289 3176; baseline -0.006 -18"><span class='ocrx_word' id='word_1_256' title='bbox 38 3116 69 3170; x_wconf 92' lang='lat'>2,</span> <span class='ocrx_word' id='word_1_257' title='bbox 96 3116 123 3169; x_wconf 96' lang='lat'>1,</span> <span class='ocrx_word' id='word_1_258' title='bbox 148 3115 173 3156; x_wconf 92' lang='lat'>1:</span> <span class='ocrx_word' id='word_1_259' title='bbox 200 3108 314 3158; x_wconf 87' lang='lat' dir='ltr'>remoto</span> <span class='ocrx_word' id='word_1_260' title='bbox 341 3098 527 3174; x_wconf 85' lang='lat' dir='ltr'>Carthaginis</span> <span class='ocrx_word' id='word_1_261' title='bbox 553 3107 634 3158; x_wconf 92' lang='lat' dir='ltr'>metu</span> <span class='ocrx_word' id='word_1_262' title='bbox 660 3098 834 3174; x_wconf 87' lang='lat' dir='ltr'>sublataque</span> <span class='ocrx_word' id='word_1_263' title='bbox 854 3097 958 3174; x_wconf 88' lang='lat' dir='ltr'>imperi</span> <span class='ocrx_word' id='word_1_264' title='bbox 979 3096 1096 3156; x_wconf 89' lang='lat' dir='ltr'>aemula</span> <span class='ocrx_word' id='word_1_265' title='bbox 1118 3091 1197 3176; x_wconf 78' lang='lat' dir='ltr'>(Qu,</span> <span class='ocrx_word' id='word_1_266' title='bbox 1221 3093 1289 3153; x_wconf 87' lang='lat' dir='ltr'>Sall.</span> 
     </span>
     <span class='ocr_line' id='line_1_29' title="bbox 40 3196 231 3277; baseline -0.01 -17"><span class='ocrx_word' id='word_1_267' title='bbox 40 3201 109 3260; x_wconf 90' lang='lat' dir='ltr'>Cat.</span> <span class='ocrx_word' id='word_1_268' title='bbox 135 3196 231 3277; x_wconf 91' lang='lat'>10,1).</span> 
     </span>
    </p>

    <p class='ocr_par' dir='ltr' id='par_1_11' title="bbox 39 3294 1291 3485">
     <span class='ocr_line' id='line_1_30' title="bbox 129 3294 1289 3379; baseline -0.007 -18"><span class='ocrx_word' id='word_1_269' title='bbox 129 3304 234 3361; x_wconf 77' lang='lat' dir='ltr'>Acuunt</span> <span class='ocrx_word' id='word_1_270' title='bbox 256 3322 310 3379; x_wconf 90' lang='lat' dir='ltr'>pro</span> <span class='ocrx_word' id='word_1_271' title='bbox 333 3311 427 3373; x_wconf 85' lang='lat' dir='ltr'>aelole,</span> <span class='ocrx_word' id='word_1_272' title='bbox 450 3303 734 3379; x_wconf 73' lang='lat' dir='ltr'>temporediciturl,</span> <span class='ocrx_word' id='word_1_273' title='bbox 755 3317 793 3377; x_wconf 87' lang='lat'>17,</span> <span class='ocrx_word' id='word_1_274' title='bbox 816 3316 845 3373; x_wconf 81' lang='lat'>23</span> <span class='ocrx_word' id='word_1_275' title='bbox 867 3317 891 3371; x_wconf 91' lang='lat'>2,</span> <span class='ocrx_word' id='word_1_276' title='bbox 915 3318 942 3378; x_wconf 94' lang='grc'>9,</span> <span class='ocrx_word' id='word_1_277' title='bbox 961 3314 992 3375; x_wconf 84' lang='grc'>3;</span> <span class='ocrx_word' id='word_1_278' title='bbox 1014 3313 1146 3376; x_wconf 83' lang='grc'>2,13,2;</span> <span class='ocrx_word' id='word_1_279' title='bbox 1169 3312 1195 3368; x_wconf 84' lang='grc'>2,</span> <span class='ocrx_word' id='word_1_280' title='bbox 1212 3294 1289 3365; x_wconf 85' lang='grc'>26,1</span> 
     </span>
     <span class='ocr_line' id='line_1_31' title="bbox 39 3393 1291 3485; baseline -0.007 -21"><span class='ocrx_word' id='word_1_281' title='bbox 39 3405 118 3483; x_wconf 81' lang='lat' dir='ltr'>(aevi</span> <span class='ocrx_word' id='word_1_282' title='bbox 145 3407 258 3482; x_wconf 89' lang='lat' dir='ltr'>paterni</span> <span class='ocrx_word' id='word_1_283' title='bbox 281 3406 382 3476; x_wconf 86' lang='lat' dir='ltr'>Halm,</span> <span class='ocrx_word' id='word_1_284' title='bbox 404 3407 485 3464; x_wconf 87' lang='lat' dir='ltr'>Kritz</span> <span class='ocrx_word' id='word_1_285' title='bbox 511 3414 540 3464; x_wconf 92' lang='lat' dir='ltr'>et</span> <span class='ocrx_word' id='word_1_286' title='bbox 566 3404 668 3485; x_wconf 78' lang='lat' dir='ltr'>Haase</span> <span class='ocrx_word' id='word_1_287' title='bbox 693 3405 793 3480; x_wconf 85' lang='lat' dir='ltr'>ingeni</span> <span class='ocrx_word' id='word_1_288' title='bbox 819 3393 953 3480; x_wconf 89' lang='lat' dir='ltr'>patemi);</span> <span class='ocrx_word' id='word_1_289' title='bbox 976 3418 1002 3473; x_wconf 92' lang='lat'>2,</span> <span class='ocrx_word' id='word_1_290' title='bbox 1020 3401 1071 3476; x_wconf 82' lang='lat'>36,</span> <span class='ocrx_word' id='word_1_291' title='bbox 1089 3415 1120 3474; x_wconf 78' lang='lat'>33</span> <span class='ocrx_word' id='word_1_292' title='bbox 1142 3415 1172 3468; x_wconf 91' lang='lat'>2,</span> <span class='ocrx_word' id='word_1_293' title='bbox 1192 3395 1243 3469; x_wconf 81' lang='lat'>66,</span> <span class='ocrx_word' id='word_1_294' title='bbox 1261 3412 1291 3473; x_wconf 79' lang='lat'>53</span> 
     </span>
    </p>

    <p class='ocr_par' dir='ltr' id='par_1_12' title="bbox 3 3499 1290 3686">
     <span class='ocr_line' id='line_1_32' title="bbox 3 3499 1290 3584; baseline -0.002 -22"><span class='ocrx_word' id='word_1_295' title='bbox 3 3539 5 3562; x_wconf 87' lang='lat' dir='ltr'>t</span> <span class='ocrx_word' id='word_1_296' title='bbox 41 3525 71 3578; x_wconf 91' lang='lat'>2,</span> <span class='ocrx_word' id='word_1_297' title='bbox 97 3506 148 3583; x_wconf 89' lang='grc'>89,</span> <span class='ocrx_word' id='word_1_298' title='bbox 172 3506 190 3565; x_wconf 85' lang='grc'>6</span> <span class='ocrx_word' id='word_1_299' title='bbox 213 3506 285 3583; x_wconf 83' lang='lat' dir='ltr'>(aevi</span> <span class='ocrx_word' id='word_1_300' title='bbox 308 3508 433 3584; x_wconf 87' lang='lat' dir='ltr'>spatium</span> <span class='ocrx_word' id='word_1_301' title='bbox 452 3531 493 3556; x_wconf 84' lang='lat'>=</span> <span class='ocrx_word' id='word_1_302' title='bbox 512 3508 588 3564; x_wconf 87' lang='lat' dir='ltr'>vitae</span> <span class='ocrx_word' id='word_1_303' title='bbox 610 3505 747 3582; x_wconf 86' lang='lat' dir='ltr'>spatium)</span> <span class='ocrx_word' id='word_1_304' title='bbox 768 3505 865 3580; x_wconf 85' lang='lat' dir='ltr'>(Poet,</span> <span class='ocrx_word' id='word_1_305' title='bbox 884 3504 962 3574; x_wconf 82' lang='lat' dir='ltr'>Sall,</span> <span class='ocrx_word' id='word_1_306' title='bbox 981 3502 1041 3572; x_wconf 89' lang='lat' dir='ltr'>alii;</span> <span class='ocrx_word' id='word_1_307' title='bbox 1057 3501 1101 3560; x_wconf 85' lang='lat' dir='ltr'>cl.</span> <span class='ocrx_word' id='word_1_308' title='bbox 1120 3499 1290 3584; x_wconf 68' lang='lat' dir='ltr'>Krete-All-</span> 
     </span>
     <span class='ocr_line' id='line_1_33' title="bbox 41 3606 594 3686; baseline -0.004 -18"><span class='ocrx_word' id='word_1_309' title='bbox 41 3610 319 3686; x_wconf 85' lang='lat' dir='ltr'>gaye1,Antibarb.</span> <span class='ocrx_word' id='word_1_310' title='bbox 342 3609 387 3668; x_wconf 89' lang='lat' dir='ltr'>ed.</span> <span class='ocrx_word' id='word_1_311' title='bbox 411 3609 447 3668; x_wconf 87' lang='lat' dir='ltr'>V.</span> <span class='ocrx_word' id='word_1_312' title='bbox 470 3627 499 3685; x_wconf 91' lang='lat' dir='ltr'>p.</span> <span class='ocrx_word' id='word_1_313' title='bbox 524 3606 594 3685; x_wconf 82' lang='lat'>105).</span> 
     </span>
    </p>

    <p class='ocr_par' dir='ltr' id='par_1_13' title="bbox 39 3704 1349 3890">
     <span class='ocr_line' id='line_1_34' title="bbox 129 3704 1349 3788; baseline -0.006 -20"><span class='ocrx_word' id='word_1_314' title='bbox 129 3711 294 3786; x_wconf 82' lang='lat' dir='ltr'>Alloque&#39;um</span> <span class='ocrx_word' id='word_1_315' title='bbox 321 3729 374 3788; x_wconf 93' lang='lat' dir='ltr'>pro</span> <span class='ocrx_word' id='word_1_316' title='bbox 400 3729 526 3768; x_wconf 85' lang='lat' dir='ltr'>sermone</span> <span class='ocrx_word' id='word_1_317' title='bbox 552 3725 581 3782; x_wconf 90' lang='lat'>2,</span> <span class='ocrx_word' id='word_1_318' title='bbox 607 3725 668 3784; x_wconf 90' lang='grc'>123,</span> <span class='ocrx_word' id='word_1_319' title='bbox 691 3726 722 3784; x_wconf 85' lang='lat'>3:</span> <span class='ocrx_word' id='word_1_320' title='bbox 749 3707 928 3768; x_wconf 86' lang='lat' dir='ltr'>subrefectus</span> <span class='ocrx_word' id='word_1_321' title='bbox 954 3708 1048 3784; x_wconf 87' lang='lat' dir='ltr'>primo</span> <span class='ocrx_word' id='word_1_322' title='bbox 1071 3712 1191 3782; x_wconf 82' lang='lat' dir='ltr'>aspectu</span> <span class='ocrx_word' id='word_1_323' title='bbox 1219 3704 1291 3762; x_wconf 88' lang='lat' dir='ltr'>allo·</span> <span class='ocrx_word' id='word_1_324' title='bbox 1345 3774 1349 3784; x_wconf 84' lang='lat'>.</span> 
     </span>
     <span class='ocr_line' id='line_1_35' title="bbox 39 3810 393 3890; baseline 0 -20"><span class='ocrx_word' id='word_1_325' title='bbox 39 3814 172 3890; x_wconf 91' lang='lat' dir='ltr'>quioque</span> <span class='ocrx_word' id='word_1_326' title='bbox 193 3812 291 3889; x_wconf 76' lang='lat' dir='ltr'>(Post,</span> <span class='ocrx_word' id='word_1_327' title='bbox 314 3810 393 3889; x_wconf 66' lang='lat' dir='ltr'>Lim).</span> 
     </span>
    </p>

    <p class='ocr_par' dir='ltr' id='par_1_14' title="bbox 41 3903 1291 4195">
     <span class='ocr_line' id='line_1_36' title="bbox 129 3903 1290 3990; baseline -0.006 -19"><span class='ocrx_word' id='word_1_328' title='bbox 129 3914 235 3972; x_wconf 88' lang='lat' dir='ltr'>Aloeus</span> <span class='ocrx_word' id='word_1_329' title='bbox 257 3931 310 3990; x_wconf 86' lang='lat' dir='ltr'>pro</span> <span class='ocrx_word' id='word_1_330' title='bbox 332 3903 427 3986; x_wconf 79' lang='lat' dir='ltr'>le&#39;eelre,</span> <span class='ocrx_word' id='word_1_331' title='bbox 448 3932 538 3990; x_wconf 88' lang='lat' dir='ltr'>quam</span> <span class='ocrx_word' id='word_1_332' title='bbox 560 3931 663 3974; x_wconf 89' lang='lat' dir='ltr'>vocem</span> <span class='ocrx_word' id='word_1_333' title='bbox 680 3914 808 3975; x_wconf 90' lang='lat' dir='ltr'>invenies</span> <span class='ocrx_word' id='word_1_334' title='bbox 826 3929 850 3983; x_wconf 91' lang='lat'>2,</span> <span class='ocrx_word' id='word_1_335' title='bbox 871 3926 932 3986; x_wconf 84' lang='lat'>107,</span> <span class='ocrx_word' id='word_1_336' title='bbox 951 3927 976 3980; x_wconf 91' lang='lat'>2,</span> <span class='ocrx_word' id='word_1_337' title='bbox 998 3911 1114 3986; x_wconf 89' lang='lat' dir='ltr'>ponitur</span> <span class='ocrx_word' id='word_1_338' title='bbox 1131 3904 1242 3981; x_wconf 60' lang='lat'>2,&#39;107,</span> <span class='ocrx_word' id='word_1_339' title='bbox 1263 3924 1290 3965; x_wconf 89' lang='lat'>1:</span> 
     </span>
     <span class='ocr_line' id='line_1_37' title="bbox 41 4012 1289 4090; baseline -0.006 -15"><span class='ocrx_word' id='word_1_340' title='bbox 41 4025 194 4085; x_wconf 87' lang='lat' dir='ltr'>cavatum,</span> <span class='ocrx_word' id='word_1_341' title='bbox 227 4023 259 4072; x_wconf 93' lang='lat' dir='ltr'>ut</span> <span class='ocrx_word' id='word_1_342' title='bbox 289 4015 344 4073; x_wconf 88' lang='lat' dir='ltr'>illis</span> <span class='ocrx_word' id='word_1_343' title='bbox 375 4033 439 4074; x_wconf 90' lang='lat' dir='ltr'>mos</span> <span class='ocrx_word' id='word_1_344' title='bbox 471 4025 529 4085; x_wconf 90' lang='lat' dir='ltr'>est,</span> <span class='ocrx_word' id='word_1_345' title='bbox 565 4033 601 4074; x_wconf 87' lang='lat' dir='ltr'>ox</span> <span class='ocrx_word' id='word_1_346' title='bbox 632 4017 754 4074; x_wconf 86' lang='lat' dir='ltr'>materia</span> <span class='ocrx_word' id='word_1_347' title='bbox 779 4013 806 4090; x_wconf 88' lang='lat' dir='ltr'>(i.</span> <span class='ocrx_word' id='word_1_348' title='bbox 835 4033 860 4073; x_wconf 89' lang='lat' dir='ltr'>e.</span> <span class='ocrx_word' id='word_1_349' title='bbox 888 4031 924 4072; x_wconf 85' lang='lat' dir='ltr'>ex</span> <span class='ocrx_word' id='word_1_350' title='bbox 951 4030 1010 4071; x_wconf 90' lang='lat' dir='ltr'>uno</span> <span class='ocrx_word' id='word_1_351' title='bbox 1038 4012 1149 4071; x_wconf 88' lang='lat' dir='ltr'>arboris</span> <span class='ocrx_word' id='word_1_352' title='bbox 1176 4018 1289 4079; x_wconf 90' lang='lat' dir='ltr'>trunco,</span> 
     </span>
     <span class='ocr_line' id='line_1_38' title="bbox 45 4108 1291 4195; baseline -0.008 -17"><span class='ocrx_word' id='word_1_353' title='bbox 45 4117 163 4178; x_wconf 90' lang='lat' dir='ltr'>Graece</span> <span class='ocrx_word' id='word_1_354' title='bbox 186 4108 376 4195; x_wconf 80' lang='grc' dir='ltr'>,μονόξυλον</span> <span class='ocrx_word' id='word_1_355' title='bbox 399 4113 539 4193; x_wconf 81' lang='grc' dir='ltr'>πλοῖον)</span> <span class='ocrx_word' id='word_1_356' title='bbox 560 4117 730 4176; x_wconf 88' lang='lat' dir='ltr'>conscendit</span> <span class='ocrx_word' id='word_1_357' title='bbox 747 4117 862 4175; x_wconf 91' lang='lat' dir='ltr'>alveum</span> <span class='ocrx_word' id='word_1_358' title='bbox 880 4111 950 4189; x_wconf 88' lang='lat' dir='ltr'>(Liv.</span> <span class='ocrx_word' id='word_1_359' title='bbox 971 4132 992 4185; x_wconf 93' lang='lat'>1,</span> <span class='ocrx_word' id='word_1_360' title='bbox 1015 4131 1043 4188; x_wconf 91' lang='lat'>4,</span> <span class='ocrx_word' id='word_1_361' title='bbox 1067 4112 1099 4183; x_wconf 80' lang='lat'>6;</span> <span class='ocrx_word' id='word_1_362' title='bbox 1121 4129 1163 4184; x_wconf 77' lang='grc'>21,</span> <span class='ocrx_word' id='word_1_363' title='bbox 1185 4110 1231 4181; x_wconf 84' lang='grc'>26,</span> <span class='ocrx_word' id='word_1_364' title='bbox 1254 4110 1291 4186; x_wconf 94' lang='grc'>9).</span> 
     </span>
    </p>

    <p class='ocr_par' dir='ltr' id='par_1_15' title="bbox 42 4213 1290 4397">
     <span class='ocr_line' id='line_1_39' title="bbox 130 4213 1290 4294; baseline -0.005 -18"><span class='ocrx_word' id='word_1_365' title='bbox 130 4220 291 4294; x_wconf 80' lang='lat' dir='ltr'>Appellatio</span> <span class='ocrx_word' id='word_1_366' title='bbox 312 4235 366 4294; x_wconf 92' lang='lat' dir='ltr'>pro</span> <span class='ocrx_word' id='word_1_367' title='bbox 388 4221 498 4276; x_wconf 84' lang='lat' dir='ltr'>nomine</span> <span class='ocrx_word' id='word_1_368' title='bbox 519 4235 544 4288; x_wconf 92' lang='lat'>2,</span> <span class='ocrx_word' id='word_1_369' title='bbox 569 4233 624 4294; x_wconf 83' lang='lat'>125,</span> <span class='ocrx_word' id='word_1_370' title='bbox 647 4234 676 4293; x_wconf 83' lang='lat'>5:</span> <span class='ocrx_word' id='word_1_371' title='bbox 695 4228 870 4286; x_wconf 87' lang='lat' dir='ltr'>ornamenta</span> <span class='ocrx_word' id='word_1_372' title='bbox 892 4215 1167 4292; x_wconf 82' lang='lat' dir='ltr'>triumphalia-cum</span> <span class='ocrx_word' id='word_1_373' title='bbox 1188 4213 1290 4290; x_wconf 91' lang='lat' dir='ltr'>appel·</span> 
     </span>
     <span class='ocr_line' id='line_1_40' title="bbox 42 4316 604 4397; baseline 0 -19"><span class='ocrx_word' id='word_1_374' title='bbox 42 4320 154 4380; x_wconf 89' lang='lat' dir='ltr'>latione</span> <span class='ocrx_word' id='word_1_375' title='bbox 174 4319 364 4395; x_wconf 86' lang='lat' dir='ltr'>imperatoria</span> <span class='ocrx_word' id='word_1_376' title='bbox 385 4321 490 4377; x_wconf 91' lang='lat' dir='ltr'>meruit</span> <span class='ocrx_word' id='word_1_377' title='bbox 513 4316 604 4397; x_wconf 82' lang='lat' dir='ltr'>(Cic).</span> 
     </span>
    </p>
   </div>
   <div class='ocr_carea' id='block_1_3' title="bbox 132 4415 1290 4562">
    <p class='ocr_par' dir='ltr' id='par_1_16' title="bbox 132 4415 1290 4562">
     <span class='ocr_line' id='line_1_41' title="bbox 132 4415 1290 4496; baseline -0.006 -17"><span class='ocrx_word' id='word_1_378' title='bbox 132 4422 342 4480; x_wconf 85' lang='lat' dir='ltr'>Arundinetum</span> <span class='ocrx_word' id='word_1_379' title='bbox 365 4436 393 4493; x_wconf 91' lang='lat'>2,</span> <span class='ocrx_word' id='word_1_380' title='bbox 419 4437 464 4496; x_wconf 92' lang='grc'>19,</span> <span class='ocrx_word' id='word_1_381' title='bbox 489 4438 517 4480; x_wconf 73' lang='grc'>21</span> <span class='ocrx_word' id='word_1_382' title='bbox 545 4429 692 4480; x_wconf 85' lang='lat' dir='ltr'>extractus</span> <span class='ocrx_word' id='word_1_383' title='bbox 720 4423 893 4481; x_wconf 85' lang='lat' dir='ltr'>arundineto</span> <span class='ocrx_word' id='word_1_384' title='bbox 915 4420 1026 4480; x_wconf 90' lang='lat' dir='ltr'>Marius</span> <span class='ocrx_word' id='word_1_385' title='bbox 1053 4418 1130 4478; x_wconf 91' lang='lat' dir='ltr'>circa</span> <span class='ocrx_word' id='word_1_386' title='bbox 1151 4415 1290 4494; x_wconf 89' lang='lat' dir='ltr'>paludem</span> 
     </span>
     <span class='ocr_line' id='line_1_42' title="bbox 1077 4533 1089 4562; baseline 0 0"><span class='ocrx_word' id='word_1_387' title='bbox 1077 4533 1089 4562; x_wconf 84' lang='lat'>2</span> 
     </span>
    </p>
   </div>
   <div class='ocr_carea' id='block_1_4' title="bbox 0 0 1559 5118">
    <p class='ocr_par' dir='ltr' id='par_1_17' title="bbox 0 0 1559 5118">
     <span class='ocr_line' id='line_1_43' title="bbox 0 0 1559 5118; baseline 0 0"><span class='ocrx_word' id='word_1_388' title='bbox 0 0 1559 5118; x_wconf 95' lang='lat' dir='ltr'> </span> 
     </span>
    </p>
   </div>
  </div>
 </body>
</html>
