3086 5118
35 507 233 583 scriptoribus
256 508 442 585 frequentata
459 519 510 570 est.
550 510 596 571 Ci.
617 511 679 570 Liv.
702 528 726 588 7,
750 529 797 588 5ο,
823 529 867 587 14;
891 531 933 589 51,
956 531 1001 589 24,
1026 532 1051 584 1;
1077 516 1151 575 Vell.
1170 533 1194 587 2,
1214 531 1238 591 7,
1258 516 1293 588 or

33 626 65 679 2,
91 609 136 686 65,
161 626 187 668 1:
209 627 234 682 2,
258 626 314 687 125,
338 628 368 687 5;
393 613 459 673 Val.
482 612 562 673 Max.
585 613 614 685 6,
637 629 663 689 5,
688 632 729 685 11;
753 613 877 692 poster).

138 711 281 802 Venerotio
308 713 387 790 apud
417 717 544 790 optimos
571 717 725 793 scriptores
756 717 927 794 plerumque
954 718 991 778 de
1018 718 1080 778 deis
1106 721 1223 796 ponitur
1243 717 1291 794 (ci.

33 824 143 874 tamen
161 815 222 876 Cic.
242 816 279 876 de
296 824 357 875 nat.
376 815 456 875 deor.
477 833 498 887 1,
519 832 558 892 17,
576 832 627 893 45:
650 819 739 878 habet
760 821 977 883 venerationem
1000 803 1137 898 quicquid
1158 822 1289 899 excellit),

34 917 121 993 apud
144 919 318 994 posteriores
340 918 460 977 omnino
486 923 734 995 promerente,
762 923 879 991 honore,
907 929 940 980 ut
966 923 1041 981 Vell.
1069 939 1098 994 2,
1125 941 1172 997 41,
1200 942 1231 1000 51
1258 935 1290 984 ut

33 1022 151 1095 pariter
171 1020 205 1079 iis
226 1017 344 1097 (piratis)
365 1021 467 1079 terrori
489 1022 726 1097 venerationique
748 1031 836 1092 esset;
860 1039 884 1094 2,
908 1041 952 1100 92,
976 1041 1008 1098 4:
1030 1027 1196 1101 praesentia
1218 1027 1293 1086 invi··

37 1121 99 1189 dia,
123 1124 279 1196 praeterita
301 1123 488 1181 veneratione
510 1124 711 1199 prosequimur
728 1121 810 1200 (Plin.
834 1126 932 1196 ambo,
954 1124 1040 1197 Tac,
1062 1107 1161 1203 (31111).

133 1221 255 1282 Vr'ctonb
277 1243 316 1282 ex
342 1227 406 1299 oiqo
428 1224 519 1283 rarius
542 1224 645 1283 dicitur
667 1243 720 1302 pro
737 1228 857 1284 at'ctorio
879 1229 911 1284 de
933 1230 1039 1302 alpoz,
1058 1245 1101 1298 10,
1125 1245 1154 1288 2:
1172 1229 1284 1288 Domiti

29 1343 72 1383 ex
97 1326 233 1384 Artemis
256 1333 286 1386 et
307 1324 381 1384 Fabi
403 1344 439 1384 err
456 1325 664 1402 Allobrogibus
686 1328 806 1390 victoria
829 1327 881 1388 suit
903 1328 1017 1388 nobilis.
1036 1361 1076 1372 -
1103 1331 1194 1390 Victor
1216 1331 1284 1400 belli

30 1442 59 1502 2,
83 1441 127 1502 55,
150 1441 180 1496 2;
203 1427 397 1500 certaminum
419 1444 444 1496 2,
467 1427 493 1498 8,
517 1445 542 1486 2.
579 1427 624 1487 Cf.
646 1427 836 1505 Krebs·Allg.
859 1431 1012 1510 Antibarb.
1036 1430 1083 1490 ed.
1102 1431 1140 1490 V.
1161 1452 1188 1509 p.
1209 1448 1288 1492 1201.
1360 1512 1366 1516 .
1443 1459 1445 1462 ·

132 1527 220 1604 Vigor
239 1546 260 1599 1,
281 1545 325 1600 10,
343 1546 373 1604 3:
392 1531 474 1605 vigor
492 1529 689 1606 eloquentiae;
707 1547 732 1601 2,
753 1519 797 1601 18,
812 1547 841 1608 5:
859 1534 942 1606 vigor
959 1532 1059 1609 ingeni
1077 1541 1165 1610 atque
1182 1536 1287 1604 animi;

30 1645 64 1700 2,
89 1646 143 1706 50,
165 1646 199 1704 4:
220 1631 303 1706 vigor
325 1649 361 1690 ac
383 1630 492 1706 fulgor;
516 1647 546 1702 2,
569 1631 619 1708 98,
642 1648 673 1709 3:
705 1633 787 1709 vigor
808 1651 844 1692 ac
865 1634 981 1704 lenitas;
1009 1650 1038 1706 2,
1063 1650 1119 1710 127,
1143 1653 1174 1711 3:
1205 1636 1288 1712 vigor

30 1735 128 1792 animi
151 1729 251 1811 (Post,
274 1735 345 1804 Lis,
368 1742 475 1810 poster.
497 1733 619 1793 Pluralis
642 1734 737 1794 forma
754 1744 849 1796 exstat
871 1735 949 1812 apud
972 1735 1152 1814 Vitruvium).

132 1835 262 1907 Vzblotio,
289 1855 366 1914 quaa
391 1854 448 1895 vox
470 1855 488 1895 a
510 1835 592 1895 Livio
619 1837 712 1913 primo
739 1845 894 1913 usurpatur
912 1835 971 1914 (29,
993 1839 1025 1910 8,
1050 1856 1091 1909 11;
1118 1856 1165 1914 51,
1191 1856 1233 1912 12,
1257 1837 1284 1917 5)

29 1947 138 1998 exstat
160 1938 240 2015 apud
262 1939 406 2017 Vellejum
429 1955 458 2008 2,
483 1955 509 2007 1,
533 1955 562 2014 5:
589 1939 718 1998 dicentes
745 1939 892 2016 publicam
919 1942 1108 2002 violationem·
1132 1941 1198 2001 fidei
1225 1961 1287 2003 non

31 2040 145 2098 debere
166 2041 253 2100 unius
275 2037 316 2098 lui
332 2041 476 2116 sanguine
492 2038 567 2114 (Sen.
586 2059 632 2116 ep.
653 2056 716 2114 104,
734 2040 786 2117 28).
825 2040 949 2100 Wolator
966 2043 1105 2119 reperitur
1123 2059 1147 2111 2,
1168 2060 1233 2116 100,
1252 2062 1285 2119 4:

30 2143 160 2202 violator
181 2143 243 2221 ejus
265 2142 369 2202 domus
393 2141 467 2211 (Ov,
490 2142 562 2218 Liv,
583 2143 666 2213 Tac,
694 2141 773 2220 Hyg.
797 2143 855 2202 fab.
876 2159 945 2214 1οο;
968 2145 1058 2220 Vulg.
1076 2144 1184 2223 Judith.
1203 2163 1231 2222 9,
1253 2163 1284 2218 2;

30 2227 140 2303 Ambr.
163 2243 213 2303 off.
237 2261 259 2314 1,
281 2259 329 2319 50,
350 2243 421 2319 257).
587 2267 589 2270 ·

71 2357 74 2362 '
130 2345 211 2404 Virro
237 2346 381 2423 obiectivo
403 2364 489 2405 sensu
521 2345 626 2404 dicitur
648 2346 768 2405 omnino
794 2365 848 2422 pro
873 2351 960 2424 specie
982 2350 1000 2407 i.
1022 2367 1047 2408 e.
1069 2357 1131 2409 toto
1154 2353 1285 2428 corporis

31 2448 141 2506 habitu
158 2463 182 2518 2,
201 2464 249 2524 94,
268 2464 298 2523 51
321 2449 442 2525 visuque
460 2447 638 2524 praetulerat
654 2448 814 2524 principem
832 2445 903 2525 (Cic.
920 2449 958 2508 de
975 2458 1035 2509 nat.
1053 2451 1134 2512 deor.
1153 2469 1176 2524 r,
1194 2468 1220 2528 5,
1240 2469 1284 2524 123

30 2551 98 2608 Liv.
122 2549 149 2621 8,
172 2566 200 2625 9,
225 2566 270 2620 10;
294 2550 368 2609 Tac.
388 2553 458 2626 Agr.
480 2545 538 2627 45).
892 2617 896 2631 ,

128 2651 223 2709 Votum
260 2641 312 2729 pro
346 2654 500 2720 voluntate,
536 2659 627 2728 optato
662 2653 779 2734 ponitur
812 2653 873 2730 jam
899 2672 928 2712 ‘a
963 2653 1104 2714 Cicerone
1134 2653 1229 2727 (Verr.
1256 2673 1282 2733 5,

27 2770 78 2829 54,
100 2752 172 2827 142);
197 2753 429 2830 frequentissima
447 2754 520 2812 haec
538 2755 616 2814 vocis
635 2754 807 2828 significatio
829 2763 874 2814 est
891 2754 970 2831 apud
992 2764 1095 2832 poetas
1113 2756 1283 2832 Augusteae

31 2856 141 2914 aetatis
165 2849 254 2931 (apud
276 2855 390 2913 Livium
412 2855 557 2915 invenitur
579 2871 623 2932 35,
646 2871 692 2932 42,
715 2851 741 2931 5)
763 2863 792 2914 11
814 2856 929 2916 solutae
950 2859 1090 2916 orationis
1113 2859 1192 2934 apud
1214 2861 1284 2919 scri·

29 2967 134 3034 ptores
152 2957 326 3034 posteriores
344 2956 492 3027 Tacitum,
512 2957 652 3029 Curtium,
674 2957 800 3016 Plinium
817 2959 970 3028 minorem,
989 2959 1167 3042 Suetonium.
1193 2961 1282 3038 Apud

31 3059 182 3136 Vellejum
204 3059 348 3118 invenitur
370 3075 395 3127 2,
417 3076 459 3130 22,
482 3075 514 3133 4;
537 3075 562 3129 2,
584 3075 636 3133 40,
658 3075 688 3130 2;
711 3075 735 3130 2,
759 3059 805 3136 89,
829 3075 859 3128 2;
882 3077 906 3132 2,
931 3077 987 3136 125,
1012 3077 1033 3118 1.
1049 3092 1091 3103 -

117 3159 189 3218 Non
206 3142 304 3219 nullae
322 3161 391 3218 mihi
409 3156 572 3220 visae-sunt
590 3162 707 3236 dignae,
727 3181 804 3238 quae
821 3163 990 3233 afferantur,
1013 3163 1125 3222 sormae
1147 3164 1283 3224 substan·
1358 3169 1361 3176 '

28 3264 168 3332 tivorum,
192 3281 269 3338 quae
291 3270 342 3321 aut
363 3281 381 3321 a
403 3264 612 3323 consuetudine
634 3264 812 3340 optimorum
834 3265 1006 3340 scriptorum
1029 3265 1207 3324 abhorreant
1229 3276 1281 3326 aut

30 3365 115 3440 apu'd
137 3362 202 3421 illos
224 3365 370 3424 rarissime
391 3365 583 3424 inveniantur.
1085 3377 1086 3382 ’

120 3467 305 3524 Accusationis
327 3441 401 3542 sing.
424 3486 503 3525 num.
521 3470 635 3543 primas
657 3469 852 3526 declinationis
873 3467 903 3525 in
918 3468 1087 3527 'nominibus
1105 3471 1228 3547 propriis
1249 3473 1279 3530 in
1322 3517 1334 3526 ,-

7 3592 43 3646 Δ2
67 3578 97 3628 et
119 3589 148 3627 er
170 3570 336 3628 exeuntium
358 3569 454 3627 finitur
476 3571 554 3645 apud
579 3569 722 3647 Vellejum
749 3570 778 3628 in
804 3591 851 3640 en,
875 3569 964 3628 velut:
991 3568 1103 3646 Cymen
1132 3590 1157 3642 1,
1185 3590 1217 3647 4,
1244 3590 1277 3646 4;
1329 3556 1333 3563 ’

27 3669 222 3731 Mithridaten
244 3687 269 3740 2,
292 3687 337 3744 24,
363 3688 373 3728 1
397 3669 605 3746 (Mithridatem
623 3687 648 3740 2,
671 3685 714 3746 25,
738 3670 956 3748 6),’1)17111111111
977 3689 998 3742 1,
1021 3688 1049 3745 4,
1073 3689 1104 3747 4;
1128 3673 1279 3750 Tigranen

27 3790 54 3844 2,
79 3789 125 3848 55,
149 3788 176 3842 1;
198 3773 308 3831 Persen
333 3790 354 3844 1,
379 3790 416 3843 11,
442 3791 452 3831 1
476 3771 605 3848 (Persam
630 3789 650 3842 1,
674 3789 702 3848 9,
726 3768 769 3849 4);
792 3772 973 3832 Artavasden
995 3790 1020 3845 2,
1043 3773 1087 3844 82,
1112 3793 1141 3852 3.
1173 3800 1179 3816 ·

115 3873 242 3933 Formae
268 3876 425 3932 2112121121
443 3874 597 3949 singularis
619 3874 717 3932 tertzbe
738 3875 945 3932 declinationis:
967 3875 1112 3934 Alcmana
1137 3895 1159 3946 1,
1183 3876 1223 3949 18,
1246 3895 1278 3953 5;

25 3975 172 4036 Chalcida
197 3993 221 4044 1,
245 3993 277 4050 4,
303 3991 328 4044 1;
356 3974 529 4053 Colophona
553 3993 578 4045 1,
602 3992 635 4049 4,
658 3990 688 4050 3;
716 3974 795 4034 Dido
819 3992 845 4045 1,
873 3973 905 4045 6,
932 3993 951 4049 4
973 3975 1031 4050 (Sil.
1054 3979 1119 4038 Ital.
1142 3978 1175 4050 8,
1203 3977 1276 4056 231);

26 4077 183 4152 lllynntem
206 4093 229 4146 1,
251 4093 279 4150 4,
302 4093 329 4152 5.
416 4085 420 4094 ’

114 4176 241 4237 Formae
267 4179 398 4237 ablotrbi:
426 4179 511 4238 classi
533 4195 562 4252 2,
585 4193 634 4254 79,
656 4194 686 4236 2:
714 4178 807 4238 classe
829 4193 858 4249 2,
882 4193 931 4256 79,
956 4196 982 4251 1;
1008 4181 1045 4240 cf.
1067 4182 1210 4242 Kritzium
1237 4184 1277 4243 ad
1313 4171 1315 4174 ⁵

25 4281 108 4338 locos
131 4289 160 4338 et
181 4279 278 4350 Neue,
302 4279 508 4341 Formenlehre
531 4282 564 4339 d.
581 4281 696 4340 Latein.
717 4280 857 4356 Sprache,
881 4299 906 4341 2.
930 4283 1005 4343 Aufl.
1028 4284 1051 4342 Ι.
1073 4303 1102 4360 p.
1124 4301 1187 4360 215;
1215 4286 1276 4361 igni

24 4396 51 4450 2,
77 4395 122 4455 74,
146 4399 179 4456 4;
202 4384 270 4458 igne
292 4398 317 4453 2,
343 4397 399 4456 125,
422 4397 455 4454 4;
478 4381 514 4440 ci.
535 4382 619 4440 Neue
640 4381 665 4438 1.
688 4400 716 4458 p.
739 4397 804 4440 220.

116 4481 245 4542 Genitrbi
263 4484 376 4543 formae
398 4484 612 4544 insolentiores:
633 4484 727 4559 plebei
745 4499 770 4552 2,
790 4501 843 4554 111,
861 4501 878 4559 5
896 4480 1000 4562 (forma
1023 4489 1161 4547 vetustior
1182 4505 1201 4546 a
1223 4505 1278 4548 no·
