<?xml version="1.0" encoding="UTF-8"?>
<!DOCTYPE html PUBLIC "-//W3C//DTD XHTML 1.0 Transitional//EN"
    "http://www.w3.org/TR/xhtml1/DTD/xhtml1-transitional.dtd">
<html xmlns="http://www.w3.org/1999/xhtml" xml:lang="en" lang="en">
 <head>
  <title>
</title>
<meta http-equiv="Content-Type" content="text/html;charset=utf-8" />
  <meta name='ocr-system' content='tesseract 3.04.00' />
  <meta name='ocr-capabilities' content='ocr_page ocr_carea ocr_par ocr_line ocrx_word'/>
</head>
<body>
  <div class='ocr_page' id='page_1' title='image "./deelocutionemve03georgoog_0051.png"; bbox 0 0 3086 5118; ppageno 0'>
   <div class='ocr_carea' id='block_1_1' title="bbox 751 352 959 409">
    <p class='ocr_par' dir='ltr' id='par_1_1' title="bbox 751 352 959 409">
     <span class='ocr_line' id='line_1_1' title="bbox 751 352 959 409; baseline 0.005 -31"><span class='ocrx_word' id='word_1_1' title='bbox 751 352 959 409; x_wconf 76' lang='lat'>-4„-</span> 
     </span>
    </p>
   </div>
   <div class='ocr_carea' id='block_1_2' title="bbox 233 517 1511 1418">
    <p class='ocr_par' dir='ltr' id='par_1_2' title="bbox 233 517 1511 1010">
     <span class='ocr_line' id='line_1_2' title="bbox 318 517 1511 603; baseline -0.003 -21"><span class='ocrx_word' id='word_1_2' title='bbox 318 524 496 603; x_wconf 79' lang='lat' dir='ltr'>Resulgere‚</span> <span class='ocrx_word' id='word_1_3' title='bbox 525 517 604 600; x_wconf 87' lang='lat' dir='ltr'>quod</span> <span class='ocrx_word' id='word_1_4' title='bbox 627 521 705 598; x_wconf 89' lang='lat' dir='ltr'>apud</span> <span class='ocrx_word' id='word_1_5' title='bbox 727 531 838 582; x_wconf 85' lang='lat' dir='ltr'>veteres</span> <span class='ocrx_word' id='word_1_6' title='bbox 857 523 1011 599; x_wconf 83' lang='lat' dir='ltr'>scriptores</span> <span class='ocrx_word' id='word_1_7' title='bbox 1034 525 1150 599; x_wconf 83' lang='lat' dir='ltr'><strong>proprie</strong></span> <span class='ocrx_word' id='word_1_8' title='bbox 1171 525 1315 598; x_wconf 84' lang='lat' dir='ltr'>siguificat</span> <span class='ocrx_word' id='word_1_9' title='bbox 1337 523 1511 598; x_wconf 82' lang='lat' dir='ltr'><strong>fulgorem</strong></span> 
     </span>
     <span class='ocr_line' id='line_1_3' title="bbox 233 624 1510 702; baseline -0.004 -17"><span class='ocrx_word' id='word_1_10' title='bbox 233 628 387 696; x_wconf 81' lang='lat' dir='ltr'>remittere,</span> <span class='ocrx_word' id='word_1_11' title='bbox 411 625 608 701; x_wconf 85' lang='lat' dir='ltr'>resplendere,</span> <span class='ocrx_word' id='word_1_12' title='bbox 636 644 688 702; x_wconf 88' lang='lat' dir='ltr'>per</span> <span class='ocrx_word' id='word_1_13' title='bbox 715 627 936 685; x_wconf 80' lang='lat' dir='ltr'>translationem</span> <span class='ocrx_word' id='word_1_14' title='bbox 964 635 1120 702; x_wconf 87' lang='lat' dir='ltr'>usurpatur</span> <span class='ocrx_word' id='word_1_15' title='bbox 1142 643 1160 682; x_wconf 87' lang='lat' dir='ltr'>a</span> <span class='ocrx_word' id='word_1_16' title='bbox 1182 624 1296 702; x_wconf 88' lang='lat' dir='ltr'>Vellejo</span> <span class='ocrx_word' id='word_1_17' title='bbox 1322 631 1510 701; x_wconf 88' lang='lat' dir='ltr'>praeeunte</span> 
     </span>
     <span class='ocr_line' id='line_1_4' title="bbox 233 725 1511 804; baseline -0.005 -16"><span class='ocrx_word' id='word_1_18' title='bbox 233 729 383 804; x_wconf 85' lang='lat' dir='ltr'>Propertio</span> <span class='ocrx_word' id='word_1_19' title='bbox 407 725 443 802; x_wconf 91' lang='grc'><strong>(3,</strong></span> <span class='ocrx_word' id='word_1_20' title='bbox 469 727 509 798; x_wconf 89' lang='grc'>18,</span> <span class='ocrx_word' id='word_1_21' title='bbox 532 727 633 804; x_wconf 83' lang='lat' dir='ltr'>8)&#39;pro</span> <span class='ocrx_word' id='word_1_22' title='bbox 655 731 770 786; x_wconf 86' lang='lat' dir='ltr'>renasci</span> <span class='ocrx_word' id='word_1_23' title='bbox 789 744 813 798; x_wconf 90' lang='grc'>2,</span> <span class='ocrx_word' id='word_1_24' title='bbox 835 745 897 804; x_wconf 85' lang='grc'><strong>113,</strong></span> <span class='ocrx_word' id='word_1_25' title='bbox 920 744 949 804; x_wconf 86' lang='grc'>5;</span> <span class='ocrx_word' id='word_1_26' title='bbox 972 738 1034 786; x_wconf 90' lang='lat' dir='ltr'>tum</span> <span class='ocrx_word' id='word_1_27' title='bbox 1056 728 1168 788; x_wconf 84' lang='lat' dir='ltr'>refulsit</span> <span class='ocrx_word' id='word_1_28' title='bbox 1185 735 1266 786; x_wconf 85' lang='lat' dir='ltr'>certa</span> <span class='ocrx_word' id='word_1_29' title='bbox 1287 744 1355 803; x_wconf 90' lang='lat' dir='ltr'>spes</span> <span class='ocrx_word' id='word_1_30' title='bbox 1376 726 1511 784; x_wconf 88' lang='lat' dir='ltr'>libero·</span> 
     </span>
     <span class='ocr_line' id='line_1_5' title="bbox 233 821 1510 908; baseline -0.003 -19"><span class='ocrx_word' id='word_1_31' title='bbox 233 821 298 889; x_wconf 89' lang='lat' dir='ltr'>rum</span> <span class='ocrx_word' id='word_1_32' title='bbox 319 831 500 908; x_wconf 88' lang='lat' dir='ltr'>parentibus,</span> <span class='ocrx_word' id='word_1_33' title='bbox 530 829 596 888; x_wconf 86' lang='lat' dir='ltr'>viris</span> <span class='ocrx_word' id='word_1_34' title='bbox 619 830 881 890; x_wconf 83' lang='lat' dir='ltr'>matrimoniorum.</span> <span class='ocrx_word' id='word_1_35' title='bbox 913 829 959 888; x_wconf 87' lang='lat' dir='ltr'>Cf.</span> <span class='ocrx_word' id='word_1_36' title='bbox 982 829 1056 887; x_wconf 93' lang='lat' dir='ltr'>Plin.</span> <span class='ocrx_word' id='word_1_37' title='bbox 1078 828 1105 888; x_wconf 94' lang='lat' dir='ltr'>h.</span> <span class='ocrx_word' id='word_1_38' title='bbox 1128 848 1157 888; x_wconf 89' lang='grc'>11.</span> <span class='ocrx_word' id='word_1_39' title='bbox 1178 845 1222 906; x_wconf 98' lang='grc'><strong>35,</strong></span> <span class='ocrx_word' id='word_1_40' title='bbox 1245 845 1264 904; x_wconf 85' lang='lat'>9</span> <span class='ocrx_word' id='word_1_41' title='bbox 1285 825 1350 905; x_wconf 86' lang='grc'><strong>(36),</strong></span> <span class='ocrx_word' id='word_1_42' title='bbox 1373 827 1439 886; x_wconf 87' lang='lat'>60:</span> <span class='ocrx_word' id='word_1_43' title='bbox 1472 829 1510 886; x_wconf 91' lang='lat' dir='ltr'>in</span> 
     </span>
     <span class='ocr_line' id='line_1_6' title="bbox 234 931 829 1010; baseline -0.003 -18"><span class='ocrx_word' id='word_1_44' title='bbox 234 934 339 1010; x_wconf 90' lang='lat' dir='ltr'>quibus</span> <span class='ocrx_word' id='word_1_45' title='bbox 357 934 467 1008; x_wconf 91' lang='lat' dir='ltr'>primus</span> <span class='ocrx_word' id='word_1_46' title='bbox 489 933 601 992; x_wconf 86' lang='lat' dir='ltr'>refulsit</span> <span class='ocrx_word' id='word_1_47' title='bbox 623 931 829 1008; x_wconf 87' lang='lat' dir='ltr'>Apollodorus.</span> 
     </span>
    </p>

    <p class='ocr_par' dir='ltr' id='par_1_3' title="bbox 233 1029 1510 1418">
     <span class='ocr_line' id='line_1_7' title="bbox 268 1029 1510 1112; baseline -0.002 -21"><span class='ocrx_word' id='word_1_48' title='bbox 268 1029 271 1037; x_wconf 52' lang='lat'><strong>⁴</strong></span> <span class='ocrx_word' id='word_1_49' title='bbox 318 1033 462 1110; x_wconf 82' lang='lat' dir='ltr'>Relegare</span> <span class='ocrx_word' id='word_1_50' title='bbox 488 1036 567 1112; x_wconf 89' lang='lat' dir='ltr'>apud</span> <span class='ocrx_word' id='word_1_51' title='bbox 589 1035 715 1110; x_wconf 90' lang='lat' dir='ltr'>optimos</span> <span class='ocrx_word' id='word_1_52' title='bbox 742 1034 896 1109; x_wconf 83' lang='lat' dir='ltr'>scriptores</span> <span class='ocrx_word' id='word_1_53' title='bbox 923 1033 1055 1093; x_wconf 66' lang='lat' dir='ltr'>eandem.</span> <span class='ocrx_word' id='word_1_54' title='bbox 1071 1034 1129 1091; x_wconf 89' lang='lat' dir='ltr'>vim</span> <span class='ocrx_word' id='word_1_55' title='bbox 1156 1033 1258 1103; x_wconf 88' lang='lat' dir='ltr'>habet,</span> <span class='ocrx_word' id='word_1_56' title='bbox 1285 1049 1374 1110; x_wconf 91' lang='lat' dir='ltr'>quam</span> <span class='ocrx_word' id='word_1_57' title='bbox 1401 1051 1423 1091; x_wconf 91' lang='lat' dir='ltr'>a</span> <span class='ocrx_word' id='word_1_58' title='bbox 1450 1049 1510 1089; x_wconf 88' lang='lat' dir='ltr'>re·</span> 
     </span>
     <span class='ocr_line' id='line_1_8' title="bbox 233 1134 1509 1213; baseline -0.001 -21"><span class='ocrx_word' id='word_1_59' title='bbox 233 1135 350 1212; x_wconf 84' lang='lat' dir='ltr'>publica</span> <span class='ocrx_word' id='word_1_60' title='bbox 373 1155 534 1207; x_wconf 88' lang='lat' dir='ltr'>removere,</span> <span class='ocrx_word' id='word_1_61' title='bbox 557 1155 616 1213; x_wconf 91' lang='lat' dir='ltr'>qua</span> <span class='ocrx_word' id='word_1_62' title='bbox 638 1137 727 1194; x_wconf 88' lang='lat' dir='ltr'>utitur</span> <span class='ocrx_word' id='word_1_63' title='bbox 748 1136 876 1212; x_wconf 86' lang='lat' dir='ltr'>Vellejus</span> <span class='ocrx_word' id='word_1_64' title='bbox 899 1152 928 1206; x_wconf 90' lang='lat'>2,</span> <span class='ocrx_word' id='word_1_65' title='bbox 951 1151 1002 1212; x_wconf 84' lang='grc'><strong>45,</strong></span> <span class='ocrx_word' id='word_1_66' title='bbox 1025 1151 1057 1208; x_wconf 90' lang='grc'>4;</span> <span class='ocrx_word' id='word_1_67' title='bbox 1082 1151 1111 1212; x_wconf 84' lang='grc'>2,</span> <span class='ocrx_word' id='word_1_68' title='bbox 1135 1150 1204 1206; x_wconf 92' lang='grc' dir='ltr'><strong>1οο,</strong></span> <span class='ocrx_word' id='word_1_69' title='bbox 1228 1148 1260 1210; x_wconf 86' lang='grc'>5;</span> <span class='ocrx_word' id='word_1_70' title='bbox 1284 1153 1336 1210; x_wconf 86' lang='lat' dir='ltr'>per</span> <span class='ocrx_word' id='word_1_71' title='bbox 1357 1134 1509 1192; x_wconf 90' lang='lat' dir='ltr'>transla-</span> 
     </span>
     <span class='ocr_line' id='line_1_9' title="bbox 233 1231 1507 1317; baseline -0.001 -21"><span class='ocrx_word' id='word_1_72' title='bbox 233 1237 344 1296; x_wconf 89' lang='lat' dir='ltr'>tionem</span> <span class='ocrx_word' id='word_1_73' title='bbox 367 1247 522 1314; x_wconf 89' lang='lat' dir='ltr'>usurpatur</span> <span class='ocrx_word' id='word_1_74' title='bbox 544 1247 597 1314; x_wconf 85' lang='lat' dir='ltr'>pro</span> <span class='ocrx_word' id='word_1_75' title='bbox 619 1241 786 1313; x_wconf 54' lang='lat' dir='ltr'>assignare,</span> <span class='ocrx_word' id='word_1_76' title='bbox 810 1239 977 1310; x_wconf 78' lang='lat' dir='ltr'>attribuere,</span> <span class='ocrx_word' id='word_1_77' title='bbox 1001 1239 1169 1317; x_wconf 82' lang='lat' dir='ltr'>transferre</span> <span class='ocrx_word' id='word_1_78' title='bbox 1191 1255 1221 1307; x_wconf 90' lang='lat'>2,</span> <span class='ocrx_word' id='word_1_79' title='bbox 1244 1231 1296 1313; x_wconf 84' lang='lat'>44,</span> <span class='ocrx_word' id='word_1_80' title='bbox 1319 1253 1358 1300; x_wconf 73' lang='grc'>21,</span> <span class='ocrx_word' id='word_1_81' title='bbox 1374 1237 1507 1295; x_wconf 86' lang='lat' dir='ltr'>invidia</span> 
     </span>
     <span class='ocr_line' id='line_1_10' title="bbox 234 1335 1508 1418; baseline 0 -22"><span class='ocrx_word' id='word_1_82' title='bbox 234 1341 396 1399; x_wconf 89' lang='lat' dir='ltr'>communis</span> <span class='ocrx_word' id='word_1_83' title='bbox 419 1341 567 1417; x_wconf 88' lang='lat' dir='ltr'>potentiae</span> <span class='ocrx_word' id='word_1_84' title='bbox 588 1341 618 1399; x_wconf 91' lang='lat' dir='ltr'>in</span> <span class='ocrx_word' id='word_1_85' title='bbox 641 1340 722 1399; x_wconf 90' lang='lat' dir='ltr'>illum</span> <span class='ocrx_word' id='word_1_86' title='bbox 746 1335 940 1418; x_wconf 85' lang='lat' dir='ltr'>(Pompejum)</span> <span class='ocrx_word' id='word_1_87' title='bbox 960 1341 1105 1414; x_wconf 73' lang='lat' dir='ltr'>relegatat</span> <span class='ocrx_word' id='word_1_88' title='bbox 1128 1356 1153 1409; x_wconf 91' lang='lat'>2,</span> <span class='ocrx_word' id='word_1_89' title='bbox 1173 1339 1221 1414; x_wconf 88' lang='lat'>64,</span> <span class='ocrx_word' id='word_1_90' title='bbox 1239 1355 1269 1398; x_wconf 88' lang='lat'>2:</span> <span class='ocrx_word' id='word_1_91' title='bbox 1292 1338 1442 1398; x_wconf 87' lang='lat' dir='ltr'>invidiam</span> <span class='ocrx_word' id='word_1_92' title='bbox 1471 1346 1508 1397; x_wconf 90' lang='lat' dir='ltr'>et</span> 
     </span>
    </p>
   </div>
   <div class='ocr_carea' id='block_1_3' title="bbox 139 1440 1507 1518">
    <p class='ocr_par' dir='ltr' id='par_1_4' title="bbox 139 1440 1507 1518">
     <span class='ocr_line' id='line_1_11' title="bbox 139 1440 1507 1518; baseline -0.001 -18"><span class='ocrx_word' id='word_1_93' title='bbox 139 1495 142 1512; x_wconf 67' lang='lat'>,</span> <span class='ocrx_word' id='word_1_94' title='bbox 234 1448 384 1500; x_wconf 86' lang='lat' dir='ltr'>auctorem</span> <span class='ocrx_word' id='word_1_95' title='bbox 407 1443 568 1517; x_wconf 86' lang='lat' dir='ltr'>relegabat.</span> <span class='ocrx_word' id='word_1_96' title='bbox 613 1441 658 1500; x_wconf 87' lang='lat' dir='ltr'>Cf.</span> <span class='ocrx_word' id='word_1_97' title='bbox 681 1441 781 1514; x_wconf 88' lang='lat' dir='ltr'>Quint.</span> <span class='ocrx_word' id='word_1_98' title='bbox 805 1456 835 1518; x_wconf 88' lang='lat'>7,</span> <span class='ocrx_word' id='word_1_99' title='bbox 859 1459 893 1516; x_wconf 94' lang='grc'><strong>4,</strong></span> <span class='ocrx_word' id='word_1_100' title='bbox 918 1460 963 1518; x_wconf 81' lang='lat'>13:</span> <span class='ocrx_word' id='word_1_101' title='bbox 990 1442 1134 1502; x_wconf 89' lang='lat' dir='ltr'>interdum</span> <span class='ocrx_word' id='word_1_102' title='bbox 1163 1441 1250 1518; x_wconf 88' lang='lat' dir='ltr'>culpa</span> <span class='ocrx_word' id='word_1_103' title='bbox 1276 1441 1307 1498; x_wconf 91' lang='lat' dir='ltr'>in</span> <span class='ocrx_word' id='word_1_104' title='bbox 1333 1440 1507 1499; x_wconf 88' lang='lat' dir='ltr'>hominem</span> 
     </span>
    </p>
   </div>
   <div class='ocr_carea' id='block_1_4' title="bbox 233 1541 1508 3660">
    <p class='ocr_par' dir='ltr' id='par_1_5' title="bbox 233 1541 1508 1934">
     <span class='ocr_line' id='line_1_12' title="bbox 233 1541 1507 1622; baseline -0.002 -22"><span class='ocrx_word' id='word_1_105' title='bbox 233 1543 397 1618; x_wconf 62' lang='lat' dir='ltr'>relegatum</span> <span class='ocrx_word' id='word_1_106' title='bbox 418 1543 444 1601; x_wconf 94' lang='grc'>6.</span> <span class='ocrx_word' id='word_1_107' title='bbox 462 1560 593 1620; x_wconf 90' lang='lat' dir='ltr'>prooem.</span> <span class='ocrx_word' id='word_1_108' title='bbox 613 1541 632 1620; x_wconf 65' lang='grc'>15</span> <span class='ocrx_word' id='word_1_109' title='bbox 652 1561 697 1620; x_wconf 86' lang='lat'>13:</span> <span class='ocrx_word' id='word_1_110' title='bbox 720 1546 820 1604; x_wconf 87' lang='lat' dir='ltr'>omnia</span> <span class='ocrx_word' id='word_1_111' title='bbox 842 1545 880 1604; x_wconf 91' lang='lat' dir='ltr'>ad</span> <span class='ocrx_word' id='word_1_112' title='bbox 904 1547 1013 1604; x_wconf 88' lang='lat' dir='ltr'>crimen</span> <span class='ocrx_word' id='word_1_113' title='bbox 1031 1544 1166 1622; x_wconf 83' lang='lat' dir='ltr'>fortunae</span> <span class='ocrx_word' id='word_1_114' title='bbox 1184 1544 1359 1619; x_wconf 79' lang='lat' dir='ltr'>relegamus.</span> <span class='ocrx_word' id='word_1_115' title='bbox 1386 1541 1507 1599; x_wconf 91' lang='lat' dir='ltr'>Livius</span> 
     </span>
     <span class='ocr_line' id='line_1_13' title="bbox 234 1636 1508 1722; baseline -0.002 -21"><span class='ocrx_word' id='word_1_116' title='bbox 234 1643 290 1703; x_wconf 91' lang='lat' dir='ltr'>hoc</span> <span class='ocrx_word' id='word_1_117' title='bbox 312 1663 398 1704; x_wconf 87' lang='lat' dir='ltr'>seusu</span> <span class='ocrx_word' id='word_1_118' title='bbox 420 1646 527 1716; x_wconf 90' lang='lat' dir='ltr'>verbo,</span> <span class='ocrx_word' id='word_1_119' title='bbox 556 1646 635 1722; x_wconf 89' lang='lat' dir='ltr'>quod</span> <span class='ocrx_word' id='word_1_120' title='bbox 658 1655 701 1705; x_wconf 92' lang='lat' dir='ltr'>est</span> <span class='ocrx_word' id='word_1_121' title='bbox 724 1645 868 1722; x_wconf 82' lang='lat' dir='ltr'>delegare,</span> <span class='ocrx_word' id='word_1_122' title='bbox 890 1648 987 1717; x_wconf 89' lang='lat' dir='ltr'>utitur,</span> <span class='ocrx_word' id='word_1_123' title='bbox 1010 1646 1088 1704; x_wconf 88' lang='lat' dir='ltr'>velut</span> <span class='ocrx_word' id='word_1_124' title='bbox 1109 1661 1138 1721; x_wconf 85' lang='lat'>5,</span> <span class='ocrx_word' id='word_1_125' title='bbox 1161 1661 1212 1716; x_wconf 92' lang='grc' dir='ltr'>2ο,</span> <span class='ocrx_word' id='word_1_126' title='bbox 1236 1660 1268 1721; x_wconf 84' lang='lat'>9:</span> <span class='ocrx_word' id='word_1_127' title='bbox 1294 1636 1443 1701; x_wconf 87' lang='lat' dir='ltr'>invidiam</span> <span class='ocrx_word' id='word_1_128' title='bbox 1471 1649 1508 1701; x_wconf 91' lang='lat' dir='ltr'>et</span> 
     </span>
     <span class='ocr_line' id='line_1_14' title="bbox 234 1743 1505 1826; baseline -0.002 -22"><span class='ocrx_word' id='word_1_129' title='bbox 234 1746 357 1806; x_wconf 89' lang='lat' dir='ltr'>crimina</span> <span class='ocrx_word' id='word_1_130' title='bbox 373 1747 518 1824; x_wconf 50' lang='lat' dir='ltr'>,delegare</span> <span class='ocrx_word' id='word_1_131' title='bbox 541 1749 579 1806; x_wconf 89' lang='lat' dir='ltr'>ad</span> <span class='ocrx_word' id='word_1_132' title='bbox 601 1756 749 1817; x_wconf 85' lang='lat' dir='ltr'>senatum;</span> <span class='ocrx_word' id='word_1_133' title='bbox 773 1747 820 1818; x_wconf 90' lang='lat'>28,</span> <span class='ocrx_word' id='word_1_134' title='bbox 844 1765 892 1824; x_wconf 83' lang='lat'>42,</span> <span class='ocrx_word' id='word_1_135' title='bbox 917 1764 962 1825; x_wconf 85' lang='lat'>15:</span> <span class='ocrx_word' id='word_1_136' title='bbox 989 1748 1113 1808; x_wconf 88' lang='lat' dir='ltr'>adversa</span> <span class='ocrx_word' id='word_1_137' title='bbox 1134 1748 1250 1807; x_wconf 88' lang='lat' dir='ltr'>casibus</span> <span class='ocrx_word' id='word_1_138' title='bbox 1276 1746 1392 1826; x_wconf 86' lang='lat' dir='ltr'>incertis</span> <span class='ocrx_word' id='word_1_139' title='bbox 1420 1743 1505 1802; x_wconf 86' lang='lat' dir='ltr'>belli</span> 
     </span>
     <span class='ocr_line' id='line_1_15' title="bbox 237 1848 591 1934; baseline 0.003 -28"><span class='ocrx_word' id='word_1_140' title='bbox 237 1856 266 1906; x_wconf 90' lang='lat' dir='ltr'>et</span> <span class='ocrx_word' id='word_1_141' title='bbox 289 1848 423 1934; x_wconf 84' lang='lat' dir='ltr'>fortunae</span> <span class='ocrx_word' id='word_1_142' title='bbox 445 1848 591 1926; x_wconf 81' lang='lat' dir='ltr'>delegare.</span> 
     </span>
    </p>

    <p class='ocr_par' dir='ltr' id='par_1_6' title="bbox 233 1935 1504 2538">
     <span class='ocr_line' id='line_1_16' title="bbox 319 1935 1504 2028; baseline -0.002 -22"><span class='ocrx_word' id='word_1_143' title='bbox 319 1948 483 2025; x_wconf 83' lang='lat' dir='ltr'>Rependere</span> <span class='ocrx_word' id='word_1_144' title='bbox 508 1953 578 2028; x_wconf 85' lang='lat' dir='ltr'>olqd</span> <span class='ocrx_word' id='word_1_145' title='bbox 597 1935 663 2027; x_wconf 84' lang='lat' dir='ltr'>alqa</span> <span class='ocrx_word' id='word_1_146' title='bbox 687 1971 717 2009; x_wconf 84' lang='lat' dir='ltr'>re</span> <span class='ocrx_word' id='word_1_147' title='bbox 745 1968 798 2026; x_wconf 89' lang='lat' dir='ltr'>pro</span> <span class='ocrx_word' id='word_1_148' title='bbox 822 1968 857 2009; x_wconf 88' lang='lat' dir='ltr'>eo</span> <span class='ocrx_word' id='word_1_149' title='bbox 879 1949 1009 2027; x_wconf 89' lang='lat' dir='ltr'>ponitur,</span> <span class='ocrx_word' id='word_1_150' title='bbox 1036 1950 1117 2028; x_wconf 92' lang='lat' dir='ltr'>quod</span> <span class='ocrx_word' id='word_1_151' title='bbox 1138 1950 1218 2028; x_wconf 92' lang='lat' dir='ltr'>apud</span> <span class='ocrx_word' id='word_1_152' title='bbox 1241 1949 1418 2008; x_wconf 89' lang='lat' dir='ltr'>Ciceronem</span> <span class='ocrx_word' id='word_1_153' title='bbox 1443 1945 1504 2022; x_wconf 86' lang='lat' dir='ltr'>(de</span> 
     </span>
     <span class='ocr_line' id='line_1_17' title="bbox 233 2033 1504 2131; baseline -0.002 -23"><span class='ocrx_word' id='word_1_154' title='bbox 233 2060 307 2109; x_wconf 89' lang='lat' dir='ltr'>orat.</span> <span class='ocrx_word' id='word_1_155' title='bbox 330 2044 359 2120; x_wconf 82' lang='grc'>2,</span> <span class='ocrx_word' id='word_1_156' title='bbox 378 2051 428 2128; x_wconf 88' lang='lat'>67,</span> <span class='ocrx_word' id='word_1_157' title='bbox 452 2052 522 2131; x_wconf 83' lang='lat'>269:</span> <span class='ocrx_word' id='word_1_158' title='bbox 550 2054 728 2130; x_wconf 78' lang='lat' dir='ltr'>procapite</span> <span class='ocrx_word' id='word_1_159' title='bbox 760 2071 864 2111; x_wconf 89' lang='lat' dir='ltr'>aurum</span> <span class='ocrx_word' id='word_1_160' title='bbox 890 2033 1060 2128; x_wconf 78' lang='lat' dir='ltr'>rependere)</span> <span class='ocrx_word' id='word_1_161' title='bbox 1085 2060 1129 2112; x_wconf 89' lang='lat' dir='ltr'>est</span> <span class='ocrx_word' id='word_1_162' title='bbox 1155 2050 1316 2128; x_wconf 90' lang='lat' dir='ltr'>rependere</span> <span class='ocrx_word' id='word_1_163' title='bbox 1338 2047 1410 2124; x_wconf 89' lang='lat' dir='ltr'>alqd</span> <span class='ocrx_word' id='word_1_164' title='bbox 1435 2067 1504 2124; x_wconf 92' lang='lat' dir='ltr'>pro</span> 
     </span>
     <span class='ocr_line' id='line_1_18' title="bbox 234 2151 1504 2232; baseline -0.003 -21"><span class='ocrx_word' id='word_1_165' title='bbox 234 2153 303 2228; x_wconf 86' lang='lat' dir='ltr'>alqa</span> <span class='ocrx_word' id='word_1_166' title='bbox 322 2170 353 2212; x_wconf 90' lang='lat' dir='ltr'>re</span> <span class='ocrx_word' id='word_1_167' title='bbox 371 2171 395 2223; x_wconf 92' lang='grc'>2,</span> <span class='ocrx_word' id='word_1_168' title='bbox 415 2154 443 2225; x_wconf 93' lang='grc'><strong>6,</strong></span> <span class='ocrx_word' id='word_1_169' title='bbox 465 2171 495 2231; x_wconf 88' lang='grc'>5;</span> <span class='ocrx_word' id='word_1_170' title='bbox 519 2156 598 2232; x_wconf 93' lang='lat' dir='ltr'>quod</span> <span class='ocrx_word' id='word_1_171' title='bbox 621 2157 723 2231; x_wconf 86' lang='lat' dir='ltr'>capitis</span> <span class='ocrx_word' id='word_1_172' title='bbox 746 2173 806 2213; x_wconf 92' lang='lat' dir='ltr'>non</span> <span class='ocrx_word' id='word_1_173' title='bbox 828 2155 931 2213; x_wconf 86' lang='lat' dir='ltr'>dicam·</span> <span class='ocrx_word' id='word_1_174' title='bbox 944 2153 1079 2223; x_wconf 91' lang='lat' dir='ltr'>Gracchi,</span> <span class='ocrx_word' id='word_1_175' title='bbox 1103 2154 1155 2213; x_wconf 92' lang='lat' dir='ltr'>sed</span> <span class='ocrx_word' id='word_1_176' title='bbox 1177 2154 1246 2212; x_wconf 90' lang='lat' dir='ltr'>civis</span> <span class='ocrx_word' id='word_1_177' title='bbox 1269 2151 1397 2210; x_wconf 88' lang='lat' dir='ltr'>Romani</span> <span class='ocrx_word' id='word_1_178' title='bbox 1422 2166 1504 2225; x_wconf 89' lang='lat' dir='ltr'>pre·</span> 
     </span>
     <span class='ocr_line' id='line_1_19' title="bbox 235 2254 1502 2340; baseline -0.002 -29"><span class='ocrx_word' id='word_1_179' title='bbox 235 2256 307 2322; x_wconf 90' lang='lat' dir='ltr'>tium</span> <span class='ocrx_word' id='word_1_180' title='bbox 335 2274 367 2315; x_wconf 92' lang='lat' dir='ltr'>se</span> <span class='ocrx_word' id='word_1_181' title='bbox 397 2256 534 2340; x_wconf 89' lang='lat' dir='ltr'>daturum</span> <span class='ocrx_word' id='word_1_182' title='bbox 561 2256 648 2334; x_wconf 89' lang='lat' dir='ltr'>idque</span> <span class='ocrx_word' id='word_1_183' title='bbox 675 2275 747 2317; x_wconf 91' lang='lat' dir='ltr'>auro</span> <span class='ocrx_word' id='word_1_184' title='bbox 775 2275 966 2332; x_wconf 86' lang='lat' dir='ltr'>repensurum</span> <span class='ocrx_word' id='word_1_185' title='bbox 993 2255 1152 2332; x_wconf 91' lang='lat' dir='ltr'>proposuit.</span> <span class='ocrx_word' id='word_1_186' title='bbox 1196 2254 1319 2313; x_wconf 63' lang='lat' dir='ltr'>Eadem,</span> <span class='ocrx_word' id='word_1_187' title='bbox 1337 2259 1502 2310; x_wconf 87' lang='lat' dir='ltr'>structura</span> 
     </span>
     <span class='ocr_line' id='line_1_20' title="bbox 234 2354 1504 2435; baseline -0.001 -21"><span class='ocrx_word' id='word_1_188' title='bbox 234 2357 378 2416; x_wconf 89' lang='lat' dir='ltr'>invenitur</span> <span class='ocrx_word' id='word_1_189' title='bbox 409 2358 477 2418; x_wconf 89' lang='lat' dir='ltr'>Val.</span> <span class='ocrx_word' id='word_1_190' title='bbox 510 2359 591 2418; x_wconf 86' lang='lat' dir='ltr'>Max.</span> <span class='ocrx_word' id='word_1_191' title='bbox 620 2376 652 2435; x_wconf 85' lang='lat'>9,</span> <span class='ocrx_word' id='word_1_192' title='bbox 681 2375 713 2432; x_wconf 92' lang='grc'><strong>4,</strong></span> <span class='ocrx_word' id='word_1_193' title='bbox 740 2374 772 2434; x_wconf 86' lang='grc'>3;</span> <span class='ocrx_word' id='word_1_194' title='bbox 802 2359 875 2417; x_wconf 89' lang='lat' dir='ltr'>Plin.</span> <span class='ocrx_word' id='word_1_195' title='bbox 903 2358 931 2416; x_wconf 91' lang='lat' dir='ltr'>h.</span> <span class='ocrx_word' id='word_1_196' title='bbox 958 2377 987 2416; x_wconf 90' lang='lat' dir='ltr'>n.</span> <span class='ocrx_word' id='word_1_197' title='bbox 1010 2374 1058 2435; x_wconf 83' lang='lat'>33,</span> <span class='ocrx_word' id='word_1_198' title='bbox 1090 2374 1107 2432; x_wconf 83' lang='lat'>3</span> <span class='ocrx_word' id='word_1_199' title='bbox 1138 2355 1203 2432; x_wconf 82' lang='lat'>(14),</span> <span class='ocrx_word' id='word_1_200' title='bbox 1235 2355 1273 2430; x_wconf 91' lang='grc'>48</span> <span class='ocrx_word' id='word_1_201' title='bbox 1303 2354 1348 2427; x_wconf 92' lang='lat' dir='ltr'>(de</span> <span class='ocrx_word' id='word_1_202' title='bbox 1378 2355 1504 2414; x_wconf 90' lang='lat' dir='ltr'>eodem</span> 
     </span>
     <span class='ocr_line' id='line_1_21' title="bbox 237 2457 634 2538; baseline 0.008 -21"><span class='ocrx_word' id='word_1_203' title='bbox 237 2457 374 2518; x_wconf 88' lang='lat' dir='ltr'>Graccho</span> <span class='ocrx_word' id='word_1_204' title='bbox 397 2478 494 2520; x_wconf 88' lang='lat' dir='ltr'>sermo</span> <span class='ocrx_word' id='word_1_205' title='bbox 516 2463 565 2538; x_wconf 80' lang='lat' dir='ltr'>fit).</span> <span class='ocrx_word' id='word_1_206' title='bbox 624 2497 634 2508; x_wconf 86' lang='lat'><strong>·</strong></span> 
     </span>
    </p>

    <p class='ocr_par' dir='ltr' id='par_1_7' title="bbox 238 2561 1502 2742">
     <span class='ocr_line' id='line_1_22' title="bbox 319 2561 1502 2640; baseline -0.001 -21"><span class='ocrx_word' id='word_1_207' title='bbox 319 2561 487 2639; x_wconf 81' lang='lat' dir='ltr'>Repudr&#39;are</span> <span class='ocrx_word' id='word_1_208' title='bbox 508 2564 545 2623; x_wconf 89' lang='lat' dir='ltr'>de</span> <span class='ocrx_word' id='word_1_209' title='bbox 567 2565 654 2623; x_wconf 89' lang='lat' dir='ltr'>rebus</span> <span class='ocrx_word' id='word_1_210' title='bbox 677 2563 854 2640; x_wconf 87' lang='lat' dir='ltr'>nuptialibus</span> <span class='ocrx_word' id='word_1_211' title='bbox 877 2562 981 2621; x_wconf 89' lang='lat' dir='ltr'>dicitur</span> <span class='ocrx_word' id='word_1_212' title='bbox 1002 2578 1026 2632; x_wconf 93' lang='grc'>2,</span> <span class='ocrx_word' id='word_1_213' title='bbox 1050 2578 1094 2634; x_wconf 88' lang='lat'>41,</span> <span class='ocrx_word' id='word_1_214' title='bbox 1118 2577 1146 2620; x_wconf 89' lang='lat'>2:</span> <span class='ocrx_word' id='word_1_215' title='bbox 1169 2562 1251 2638; x_wconf 92' lang='lat' dir='ltr'>cujus</span> <span class='ocrx_word' id='word_1_216' title='bbox 1272 2561 1361 2618; x_wconf 88' lang='lat' dir='ltr'>filiam</span> <span class='ocrx_word' id='word_1_217' title='bbox 1383 2566 1419 2632; x_wconf 84' lang='grc'>11</span> <span class='ocrx_word' id='word_1_218' title='bbox 1443 2577 1502 2618; x_wconf 88' lang='lat' dir='ltr'>re·</span> 
     </span>
     <span class='ocr_line' id='line_1_23' title="bbox 238 2659 1351 2742; baseline -0.002 -21"><span class='ocrx_word' id='word_1_219' title='bbox 238 2664 373 2739; x_wconf 88' lang='lat' dir='ltr'>pudiaret</span> <span class='ocrx_word' id='word_1_220' title='bbox 394 2665 530 2742; x_wconf 90' lang='lat' dir='ltr'>compelli</span> <span class='ocrx_word' id='word_1_221' title='bbox 552 2684 611 2723; x_wconf 90' lang='lat' dir='ltr'>non</span> <span class='ocrx_word' id='word_1_222' title='bbox 634 2672 750 2741; x_wconf 88' lang='lat' dir='ltr'>poterat</span> <span class='ocrx_word' id='word_1_223' title='bbox 771 2661 882 2738; x_wconf 79' lang='lat' dir='ltr'>(Plaut,</span> <span class='ocrx_word' id='word_1_224' title='bbox 906 2664 985 2733; x_wconf 77' lang='lat' dir='ltr'>Ter,</span> <span class='ocrx_word' id='word_1_225' title='bbox 1009 2664 1097 2733; x_wconf 84' lang='lat' dir='ltr'>Suet,</span> <span class='ocrx_word' id='word_1_226' title='bbox 1120 2659 1176 2737; x_wconf 85' lang='lat' dir='ltr'>al).</span> <span class='ocrx_word' id='word_1_227' title='bbox 1349 2661 1351 2666; x_wconf 78' lang='grc'>’</span> 
     </span>
    </p>

    <p class='ocr_par' dir='ltr' id='par_1_8' title="bbox 235 2761 1501 3048">
     <span class='ocr_line' id='line_1_24' title="bbox 324 2761 1501 2842; baseline -0.003 -16"><span class='ocrx_word' id='word_1_228' title='bbox 324 2769 536 2826; x_wconf 84' lang='lat' dir='ltr'>Transcendere</span> <span class='ocrx_word' id='word_1_229' title='bbox 557 2768 716 2836; x_wconf 86' lang='lat' dir='ltr'>insolenter</span> <span class='ocrx_word' id='word_1_230' title='bbox 738 2767 842 2826; x_wconf 89' lang='lat' dir='ltr'>dicitur</span> <span class='ocrx_word' id='word_1_231' title='bbox 864 2783 930 2842; x_wconf 89' lang='lat' dir='ltr'>pro:</span> <span class='ocrx_word' id='word_1_232' title='bbox 952 2765 1075 2824; x_wconf 89' lang='lat' dir='ltr'>transire</span> <span class='ocrx_word' id='word_1_233' title='bbox 1097 2764 1127 2822; x_wconf 92' lang='lat' dir='ltr'>in</span> <span class='ocrx_word' id='word_1_234' title='bbox 1149 2761 1298 2822; x_wconf 88' lang='lat' dir='ltr'>narrando</span> <span class='ocrx_word' id='word_1_235' title='bbox 1320 2779 1432 2839; x_wconf 83' lang='grc' dir='ltr'><strong>2,13ο,</strong></span> <span class='ocrx_word' id='word_1_236' title='bbox 1459 2780 1501 2838; x_wconf 83' lang='lat'>3:</span> 
     </span>
     <span class='ocr_line' id='line_1_25' title="bbox 235 2865 1500 2946; baseline -0.005 -17"><span class='ocrx_word' id='word_1_237' title='bbox 235 2878 267 2929; x_wconf 90' lang='lat' dir='ltr'>ut</span> <span class='ocrx_word' id='word_1_238' title='bbox 289 2870 328 2929; x_wconf 92' lang='lat' dir='ltr'>ad</span> <span class='ocrx_word' id='word_1_239' title='bbox 349 2871 463 2946; x_wconf 88' lang='lat' dir='ltr'>majora</span> <span class='ocrx_word' id='word_1_240' title='bbox 485 2868 701 2927; x_wconf 88' lang='lat' dir='ltr'>transcendam.</span> <span class='ocrx_word' id='word_1_241' title='bbox 746 2867 791 2927; x_wconf 82' lang='lat' dir='ltr'>Cf.</span> <span class='ocrx_word' id='word_1_242' title='bbox 815 2866 915 2939; x_wconf 89' lang='lat' dir='ltr'>Quint.</span> <span class='ocrx_word' id='word_1_243' title='bbox 939 2881 963 2943; x_wconf 90' lang='lat'>7,</span> <span class='ocrx_word' id='word_1_244' title='bbox 989 2884 1018 2934; x_wconf 86' lang='lat'>1,</span> <span class='ocrx_word' id='word_1_245' title='bbox 1034 2882 1062 2924; x_wconf 89' lang='lat'>2:</span> <span class='ocrx_word' id='word_1_246' title='bbox 1090 2866 1129 2924; x_wconf 91' lang='lat' dir='ltr'>ad</span> <span class='ocrx_word' id='word_1_247' title='bbox 1150 2865 1260 2924; x_wconf 88' lang='lat' dir='ltr'>leviora</span> <span class='ocrx_word' id='word_1_248' title='bbox 1281 2865 1500 2936; x_wconf 85' lang='lat' dir='ltr'>transcendat;</span> 
     </span>
     <span class='ocr_line' id='line_1_26' title="bbox 235 2963 1498 3048; baseline -0.004 -17"><span class='ocrx_word' id='word_1_249' title='bbox 235 2963 315 3048; x_wconf 85' lang='lat' dir='ltr'>Hyg.</span> <span class='ocrx_word' id='word_1_250' title='bbox 340 2973 420 3048; x_wconf 89' lang='lat' dir='ltr'>apud</span> <span class='ocrx_word' id='word_1_251' title='bbox 447 2969 522 3029; x_wconf 87' lang='lat' dir='ltr'>Gell.</span> <span class='ocrx_word' id='word_1_252' title='bbox 547 2969 589 3040; x_wconf 95' lang='grc'>16,</span> <span class='ocrx_word' id='word_1_253' title='bbox 613 2969 640 3039; x_wconf 95' lang='grc'><strong>6,</strong></span> <span class='ocrx_word' id='word_1_254' title='bbox 666 2987 710 3044; x_wconf 85' lang='grc'>15;</span> <span class='ocrx_word' id='word_1_255' title='bbox 734 2988 770 3028; x_wconf 84' lang='lat' dir='ltr'>ex</span> <span class='ocrx_word' id='word_1_256' title='bbox 792 2971 905 3027; x_wconf 87' lang='lat' dir='ltr'>minore</span> <span class='ocrx_word' id='word_1_257' title='bbox 926 2976 1024 3026; x_wconf 89' lang='lat' dir='ltr'>aetate</span> <span class='ocrx_word' id='word_1_258' title='bbox 1042 2969 1071 3026; x_wconf 90' lang='lat' dir='ltr'>in</span> <span class='ocrx_word' id='word_1_259' title='bbox 1087 2969 1236 3045; x_wconf 87' lang='lat' dir='ltr'>majorem</span> <span class='ocrx_word' id='word_1_260' title='bbox 1258 2967 1498 3026; x_wconf 85' lang='lat' dir='ltr'>transcendisse.</span> 
     </span>
    </p>

    <p class='ocr_par' dir='ltr' id='par_1_9' title="bbox 234 3069 1501 3660">
     <span class='ocr_line' id='line_1_27' title="bbox 323 3069 1501 3150; baseline -0.003 -18"><span class='ocrx_word' id='word_1_261' title='bbox 323 3073 508 3150; x_wconf 81' lang='lat' dir='ltr'>Transgredi</span> <span class='ocrx_word' id='word_1_262' title='bbox 527 3081 629 3130; x_wconf 85' lang='lat' dir='ltr'>contra</span> <span class='ocrx_word' id='word_1_263' title='bbox 652 3071 893 3130; x_wconf 89' lang='lat' dir='ltr'>consuetudinem</span> <span class='ocrx_word' id='word_1_264' title='bbox 920 3071 1097 3145; x_wconf 88' lang='lat' dir='ltr'>optimorum</span> <span class='ocrx_word' id='word_1_265' title='bbox 1119 3069 1294 3144; x_wconf 91' lang='lat' dir='ltr'>scriptorum</span> <span class='ocrx_word' id='word_1_266' title='bbox 1316 3077 1368 3144; x_wconf 88' lang='lat' dir='ltr'>per</span> <span class='ocrx_word' id='word_1_267' title='bbox 1388 3074 1501 3128; x_wconf 90' lang='lat' dir='ltr'>trans-</span> 
     </span>
     <span class='ocr_line' id='line_1_28' title="bbox 236 3167 1500 3251; baseline -0.005 -17"><span class='ocrx_word' id='word_1_268' title='bbox 236 3177 375 3234; x_wconf 88' lang='lat' dir='ltr'>lationem</span> <span class='ocrx_word' id='word_1_269' title='bbox 399 3177 517 3251; x_wconf 89' lang='lat' dir='ltr'>ponitur</span> <span class='ocrx_word' id='word_1_270' title='bbox 538 3167 592 3249; x_wconf 89' lang='lat' dir='ltr'>pro</span> <span class='ocrx_word' id='word_1_271' title='bbox 614 3175 755 3249; x_wconf 81' lang='lat' dir='ltr'>excedere,</span> <span class='ocrx_word' id='word_1_272' title='bbox 780 3174 943 3247; x_wconf 70' lang='lat' dir='ltr'>praeterere</span> <span class='ocrx_word' id='word_1_273' title='bbox 965 3188 990 3242; x_wconf 90' lang='lat'>2,</span> <span class='ocrx_word' id='word_1_274' title='bbox 1013 3185 1037 3246; x_wconf 91' lang='lat'>7,</span> <span class='ocrx_word' id='word_1_275' title='bbox 1060 3187 1090 3228; x_wconf 89' lang='lat'>2:</span> <span class='ocrx_word' id='word_1_276' title='bbox 1116 3173 1225 3247; x_wconf 91' lang='lat' dir='ltr'>quippe</span> <span class='ocrx_word' id='word_1_277' title='bbox 1252 3170 1369 3248; x_wconf 85' lang='lat' dir='ltr'>juvenis</span> <span class='ocrx_word' id='word_1_278' title='bbox 1386 3171 1500 3244; x_wconf 90' lang='lat' dir='ltr'>specie</span> 
     </span>
     <span class='ocr_line' id='line_1_29' title="bbox 236 3269 1497 3346; baseline -0.007 -9"><span class='ocrx_word' id='word_1_279' title='bbox 236 3278 382 3337; x_wconf 84' lang='lat' dir='ltr'>excellens</span> <span class='ocrx_word' id='word_1_280' title='bbox 403 3279 529 3336; x_wconf 90' lang='lat' dir='ltr'>necdum</span> <span class='ocrx_word' id='word_1_281' title='bbox 547 3275 817 3334; x_wconf 89' lang='lat' dir='ltr'>duodevicesimum</span> <span class='ocrx_word' id='word_1_282' title='bbox 835 3291 947 3330; x_wconf 90' lang='lat' dir='ltr'>annum</span> <span class='ocrx_word' id='word_1_283' title='bbox 965 3281 1164 3346; x_wconf 85' lang='lat' dir='ltr'>transgressus</span> <span class='ocrx_word' id='word_1_284' title='bbox 1177 3269 1254 3344; x_wconf 89' lang='lat' dir='ltr'>(Sall.</span> <span class='ocrx_word' id='word_1_285' title='bbox 1272 3270 1337 3329; x_wconf 89' lang='lat' dir='ltr'>hist.</span> <span class='ocrx_word' id='word_1_286' title='bbox 1355 3271 1410 3328; x_wconf 91' lang='lat' dir='ltr'>ine.</span> <span class='ocrx_word' id='word_1_287' title='bbox 1430 3269 1497 3341; x_wconf 87' lang='lat'>80;</span> 
     </span>
     <span class='ocr_line' id='line_1_30' title="bbox 234 3373 1498 3456; baseline -0.006 -18"><span class='ocrx_word' id='word_1_288' title='bbox 234 3381 302 3440; x_wconf 91' lang='lat' dir='ltr'>Val.</span> <span class='ocrx_word' id='word_1_289' title='bbox 324 3378 416 3451; x_wconf 74' lang='lat' dir='ltr'>Max,</span> <span class='ocrx_word' id='word_1_290' title='bbox 438 3379 512 3438; x_wconf 91' lang='lat' dir='ltr'>Plin.</span> <span class='ocrx_word' id='word_1_291' title='bbox 535 3376 622 3456; x_wconf 62' lang='lat' dir='ltr'>mai).</span> <span class='ocrx_word' id='word_1_292' title='bbox 654 3376 767 3434; x_wconf 92' lang='lat' dir='ltr'>Deinde</span> <span class='ocrx_word' id='word_1_293' title='bbox 789 3375 845 3433; x_wconf 91' lang='lat' dir='ltr'>hoc</span> <span class='ocrx_word' id='word_1_294' title='bbox 858 3374 1034 3433; x_wconf 90' lang='lat' dir='ltr'>vocabulum</span> <span class='ocrx_word' id='word_1_295' title='bbox 1052 3373 1179 3435; x_wconf 86' lang='lat' dir='ltr'>eandem</span> <span class='ocrx_word' id='word_1_296' title='bbox 1201 3374 1259 3431; x_wconf 92' lang='lat' dir='ltr'>vim</span> <span class='ocrx_word' id='word_1_297' title='bbox 1276 3373 1373 3442; x_wconf 92' lang='lat' dir='ltr'>habet,</span> <span class='ocrx_word' id='word_1_298' title='bbox 1392 3390 1498 3447; x_wconf 88' lang='lat' dir='ltr'>quam</span> 
     </span>
     <span class='ocr_line' id='line_1_31' title="bbox 235 3475 1498 3558; baseline -0.007 -17"><span class='ocrx_word' id='word_1_299' title='bbox 235 3485 344 3542; x_wconf 72' lang='lat' dir='ltr'>retentet&gt;</span> <span class='ocrx_word' id='word_1_300' title='bbox 360 3485 523 3558; x_wconf 78' lang='lat' dir='ltr'>praeterere</span> <span class='ocrx_word' id='word_1_301' title='bbox 549 3497 573 3548; x_wconf 88' lang='lat'>2,</span> <span class='ocrx_word' id='word_1_302' title='bbox 598 3478 661 3548; x_wconf 88' lang='lat'>108,</span> <span class='ocrx_word' id='word_1_303' title='bbox 684 3495 712 3536; x_wconf 88' lang='lat'>2:</span> <span class='ocrx_word' id='word_1_304' title='bbox 735 3476 815 3535; x_wconf 88' lang='lat' dir='ltr'>nulla</span> <span class='ocrx_word' id='word_1_305' title='bbox 838 3475 985 3534; x_wconf 85' lang='lat' dir='ltr'>festinatio</span> <span class='ocrx_word' id='word_1_306' title='bbox 1007 3475 1091 3552; x_wconf 83' lang='lat' dir='ltr'>hujus</span> <span class='ocrx_word' id='word_1_307' title='bbox 1113 3475 1164 3534; x_wconf 87' lang='lat' dir='ltr'>viri</span> <span class='ocrx_word' id='word_1_308' title='bbox 1186 3475 1365 3533; x_wconf 88' lang='lat' dir='ltr'>mentionem</span> <span class='ocrx_word' id='word_1_309' title='bbox 1388 3481 1498 3532; x_wconf 89' lang='lat' dir='ltr'>trans-</span> 
     </span>
     <span class='ocr_line' id='line_1_32' title="bbox 236 3561 1498 3660; baseline -0.007 -16"><span class='ocrx_word' id='word_1_310' title='bbox 236 3585 319 3660; x_wconf 85' lang='lat' dir='ltr'>gredi</span> <span class='ocrx_word' id='word_1_311' title='bbox 337 3584 434 3643; x_wconf 91' lang='lat' dir='ltr'>debet.</span> <span class='ocrx_word' id='word_1_312' title='bbox 470 3583 516 3643; x_wconf 84' lang='lat' dir='ltr'>Cf.</span> <span class='ocrx_word' id='word_1_313' title='bbox 535 3583 622 3659; x_wconf 84' lang='lat' dir='ltr'>Apul.</span> <span class='ocrx_word' id='word_1_314' title='bbox 641 3561 679 3640; x_wconf 90' lang='lat' dir='ltr'>de</span> <span class='ocrx_word' id='word_1_315' title='bbox 697 3581 796 3654; x_wconf 87' lang='lat' dir='ltr'>magia</span> <span class='ocrx_word' id='word_1_316' title='bbox 814 3593 864 3654; x_wconf 92' lang='lat'>74:</span> <span class='ocrx_word' id='word_1_317' title='bbox 883 3579 995 3636; x_wconf 88' lang='lat' dir='ltr'>utinam</span> <span class='ocrx_word' id='word_1_318' title='bbox 1014 3577 1130 3636; x_wconf 89' lang='lat' dir='ltr'>hercule</span> <span class='ocrx_word' id='word_1_319' title='bbox 1147 3593 1266 3653; x_wconf 90' lang='lat' dir='ltr'>possem</span> <span class='ocrx_word' id='word_1_320' title='bbox 1283 3591 1360 3652; x_wconf 90' lang='lat' dir='ltr'>quae</span> <span class='ocrx_word' id='word_1_321' title='bbox 1379 3573 1498 3635; x_wconf 90' lang='lat' dir='ltr'>deinde</span> 
     </span>
    </p>
   </div>
   <div class='ocr_carea' id='block_1_5' title="bbox 236 3678 1497 3856">
    <p class='ocr_par' dir='ltr' id='par_1_10' title="bbox 236 3678 1497 3856">
     <span class='ocr_line' id='line_1_33' title="bbox 236 3678 1186 3755; baseline -0.009 -10"><span class='ocrx_word' id='word_1_322' title='bbox 236 3687 361 3746; x_wconf 90' lang='lat' dir='ltr'>dicenda</span> <span class='ocrx_word' id='word_1_323' title='bbox 383 3695 450 3745; x_wconf 90' lang='lat' dir='ltr'>sunt</span> <span class='ocrx_word' id='word_1_324' title='bbox 472 3686 534 3745; x_wconf 89' lang='lat' dir='ltr'>sine</span> <span class='ocrx_word' id='word_1_325' title='bbox 556 3685 687 3743; x_wconf 85' lang='lat' dir='ltr'>maximo</span> <span class='ocrx_word' id='word_1_326' title='bbox 708 3697 816 3740; x_wconf 89' lang='lat' dir='ltr'>causae</span> <span class='ocrx_word' id='word_1_327' title='bbox 838 3679 991 3755; x_wconf 89' lang='lat' dir='ltr'>dispendio</span> <span class='ocrx_word' id='word_1_328' title='bbox 1013 3678 1186 3753; x_wconf 81' lang='lat' dir='ltr'>transgredi.</span> 
     </span>
     <span class='ocr_line' id='line_1_34' title="bbox 325 3777 1497 3856; baseline -0.008 -10"><span class='ocrx_word' id='word_1_329' title='bbox 325 3788 513 3846; x_wconf 82' lang='lat' dir='ltr'>Tumultuarz&#39;</span> <span class='ocrx_word' id='word_1_330' title='bbox 535 3785 711 3844; x_wconf 89' lang='lat' dir='ltr'>vocabulum</span> <span class='ocrx_word' id='word_1_331' title='bbox 734 3801 752 3840; x_wconf 92' lang='lat' dir='ltr'>a</span> <span class='ocrx_word' id='word_1_332' title='bbox 775 3798 910 3840; x_wconf 89' lang='lat' dir='ltr'>sermone</span> <span class='ocrx_word' id='word_1_333' title='bbox 937 3780 1076 3839; x_wconf 87' lang='lat' dir='ltr'>castrensi</span> <span class='ocrx_word' id='word_1_334' title='bbox 1103 3779 1289 3856; x_wconf 90' lang='lat' dir='ltr'>desumptum</span> <span class='ocrx_word' id='word_1_335' title='bbox 1311 3777 1390 3854; x_wconf 90' lang='lat' dir='ltr'>apud</span> <span class='ocrx_word' id='word_1_336' title='bbox 1413 3777 1497 3837; x_wconf 91' lang='lat' dir='ltr'>Vel-</span> 
     </span>
    </p>
   </div>
   <div class='ocr_carea' id='block_1_6' title="bbox 156 3875 1511 4374">
    <p class='ocr_par' dir='ltr' id='par_1_11' title="bbox 156 3875 1511 4374">
     <span class='ocr_line' id='line_1_35' title="bbox 186 3875 1511 3967; baseline -0.006 -20"><span class='ocrx_word' id='word_1_337' title='bbox 186 3875 188 3878; x_wconf 47' lang='grc'><strong>’</strong></span> <span class='ocrx_word' id='word_1_338' title='bbox 235 3890 324 3967; x_wconf 87' lang='lat' dir='ltr'>lejum</span> <span class='ocrx_word' id='word_1_339' title='bbox 351 3909 419 3949; x_wconf 90' lang='lat' dir='ltr'>eum</span> <span class='ocrx_word' id='word_1_340' title='bbox 442 3891 597 3965; x_wconf 84' lang='lat' dir='ltr'>significat,</span> <span class='ocrx_word' id='word_1_341' title='bbox 626 3887 676 3964; x_wconf 86' lang='lat' dir='ltr'>qui</span> <span class='ocrx_word' id='word_1_342' title='bbox 698 3887 824 3943; x_wconf 88' lang='lat' dir='ltr'>incertus</span> <span class='ocrx_word' id='word_1_343' title='bbox 847 3889 903 3950; x_wconf 89' lang='lat' dir='ltr'>est,</span> <span class='ocrx_word' id='word_1_344' title='bbox 930 3889 1028 3939; x_wconf 89' lang='lat' dir='ltr'>utrum</span> <span class='ocrx_word' id='word_1_345' title='bbox 1050 3882 1136 3952; x_wconf 91' lang='lat' dir='ltr'>hauc,</span> <span class='ocrx_word' id='word_1_346' title='bbox 1159 3881 1300 3940; x_wconf 91' lang='lat' dir='ltr'>anillam</span> <span class='ocrx_word' id='word_1_347' title='bbox 1326 3896 1511 3955; x_wconf 87' lang='lat' dir='ltr'>personam·</span> 
     </span>
     <span class='ocr_line' id='line_1_36' title="bbox 156 3980 1495 4068; baseline -0.007 -16"><span class='ocrx_word' id='word_1_348' title='bbox 156 4053 158 4058; x_wconf 80' lang='grc'><strong>,</strong></span> <span class='ocrx_word' id='word_1_349' title='bbox 235 3999 358 4067; x_wconf 83' lang='lat' dir='ltr'>agata,</span> <span class='ocrx_word' id='word_1_350' title='bbox 382 4007 431 4068; x_wconf 85' lang='lat'>79,</span> <span class='ocrx_word' id='word_1_351' title='bbox 454 4007 484 4067; x_wconf 86' lang='lat'>5:</span> <span class='ocrx_word' id='word_1_352' title='bbox 513 3990 583 4049; x_wconf 90' lang='lat' dir='ltr'>dum</span> <span class='ocrx_word' id='word_1_353' title='bbox 605 3991 680 4048; x_wconf 90' lang='lat' dir='ltr'>inter</span> <span class='ocrx_word' id='word_1_354' title='bbox 707 3986 812 4046; x_wconf 91' lang='lat' dir='ltr'>ducem</span> <span class='ocrx_word' id='word_1_355' title='bbox 835 3990 873 4042; x_wconf 46' lang='lat' dir='ltr'>et.</span> <span class='ocrx_word' id='word_1_356' title='bbox 886 3984 1048 4060; x_wconf 91' lang='lat' dir='ltr'>supplicem</span> <span class='ocrx_word' id='word_1_357' title='bbox 1070 3983 1272 4044; x_wconf 87' lang='lat' dir='ltr'>tumultuatur.</span> <span class='ocrx_word' id='word_1_358' title='bbox 1316 3980 1495 4053; x_wconf 89' lang='lat' dir='ltr'>,Tumultus</span> 
     </span>
     <span class='ocr_line' id='line_1_37' title="bbox 235 4080 1494 4170; baseline -0.01 -18"><span class='ocrx_word' id='word_1_359' title='bbox 235 4113 324 4170; x_wconf 87' lang='lat' dir='ltr'>saepe</span> <span class='ocrx_word' id='word_1_360' title='bbox 352 4095 455 4155; x_wconf 87' lang='lat' dir='ltr'>dicitur</span> <span class='ocrx_word' id='word_1_361' title='bbox 477 4093 513 4151; x_wconf 90' lang='lat' dir='ltr'>de</span> <span class='ocrx_word' id='word_1_362' title='bbox 541 4091 631 4151; x_wconf 92' lang='lat' dir='ltr'>animi</span> <span class='ocrx_word' id='word_1_363' title='bbox 657 4097 752 4158; x_wconf 90' lang='lat' dir='ltr'>motu,</span> <span class='ocrx_word' id='word_1_364' title='bbox 779 4094 813 4144; x_wconf 91' lang='lat' dir='ltr'>ut</span> <span class='ocrx_word' id='word_1_365' title='bbox 834 4085 907 4144; x_wconf 89' lang='lat' dir='ltr'>Hor.</span> <span class='ocrx_word' id='word_1_366' title='bbox 931 4085 979 4143; x_wconf 92' lang='lat' dir='ltr'>od.</span> <span class='ocrx_word' id='word_1_367' title='bbox 1002 4101 1031 4154; x_wconf 91' lang='grc'>2,</span> <span class='ocrx_word' id='word_1_368' title='bbox 1056 4083 1102 4154; x_wconf 90' lang='grc'>16,</span> <span class='ocrx_word' id='word_1_369' title='bbox 1128 4101 1175 4144; x_wconf 90' lang='lat'>10:</span> <span class='ocrx_word' id='word_1_370' title='bbox 1203 4103 1298 4161; x_wconf 89' lang='lat' dir='ltr'>neque</span> <span class='ocrx_word' id='word_1_371' title='bbox 1324 4080 1494 4144; x_wconf 85' lang='lat' dir='ltr'>consularis</span> 
     </span>
     <span class='ocr_line' id='line_1_38' title="bbox 235 4185 1494 4260; baseline -0.006 -7"><span class='ocrx_word' id='word_1_372' title='bbox 235 4204 399 4254; x_wconf 88' lang='lat' dir='ltr'>summovet</span> <span class='ocrx_word' id='word_1_373' title='bbox 420 4196 504 4254; x_wconf 89' lang='lat' dir='ltr'>lictor</span> <span class='ocrx_word' id='word_1_374' title='bbox 526 4193 637 4253; x_wconf 88' lang='lat' dir='ltr'>miseris</span> <span class='ocrx_word' id='word_1_375' title='bbox 660 4189 799 4250; x_wconf 90' lang='lat' dir='ltr'>tumultus</span> <span class='ocrx_word' id='word_1_376' title='bbox 821 4187 937 4246; x_wconf 90' lang='lat' dir='ltr'>mentis.</span> <span class='ocrx_word' id='word_1_377' title='bbox 981 4187 1116 4245; x_wconf 90' lang='lat' dir='ltr'>Eandem</span> <span class='ocrx_word' id='word_1_378' title='bbox 1138 4188 1229 4246; x_wconf 90' lang='lat' dir='ltr'>animi</span> <span class='ocrx_word' id='word_1_379' title='bbox 1256 4185 1413 4260; x_wconf 85' lang='lat' dir='ltr'>agitionem</span> <span class='ocrx_word' id='word_1_380' title='bbox 1442 4185 1494 4246; x_wconf 91' lang='lat' dir='ltr'>sic</span> 
     </span>
     <span class='ocr_line' id='line_1_39' title="bbox 236 4286 1492 4374; baseline -0.006 -18"><span class='ocrx_word' id='word_1_381' title='bbox 236 4301 375 4373; x_wconf 88' lang='lat' dir='ltr'>expressit</span> <span class='ocrx_word' id='word_1_382' title='bbox 396 4297 548 4356; x_wconf 89' lang='lat' dir='ltr'>Sallustius</span> <span class='ocrx_word' id='word_1_383' title='bbox 571 4296 637 4374; x_wconf 80' lang='lat' dir='ltr'>Jug.</span> <span class='ocrx_word' id='word_1_384' title='bbox 659 4308 705 4368; x_wconf 91' lang='grc'>25,</span> <span class='ocrx_word' id='word_1_385' title='bbox 730 4291 763 4349; x_wconf 86' lang='lat' dir='ltr'>b:</span> <span class='ocrx_word' id='word_1_386' title='bbox 791 4299 871 4348; x_wconf 87' lang='lat' dir='ltr'>metu</span> <span class='ocrx_word' id='word_1_387' title='bbox 894 4298 982 4365; x_wconf 89' lang='lat' dir='ltr'>atque</span> <span class='ocrx_word' id='word_1_388' title='bbox 1006 4287 1123 4346; x_wconf 90' lang='lat' dir='ltr'>libidine</span> <span class='ocrx_word' id='word_1_389' title='bbox 1145 4288 1274 4348; x_wconf 88' lang='lat' dir='ltr'>divorsus</span> <span class='ocrx_word' id='word_1_390' title='bbox 1296 4286 1492 4362; x_wconf 85' lang='lat' dir='ltr'>agitabatur‘.</span> 
     </span>
    </p>
   </div>
   <div class='ocr_carea' id='block_1_7' title="bbox 235 4398 1489 4576">
    <p class='ocr_par' dir='ltr' id='par_1_12' title="bbox 235 4398 1489 4576">
     <span class='ocr_line' id='line_1_40' title="bbox 235 4398 435 4458; baseline 0 0"><span class='ocrx_word' id='word_1_391' title='bbox 235 4398 435 4458; x_wconf 88' lang='lat' dir='ltr'>Ruhnkenius.</span> 
     </span>
     <span class='ocr_line' id='line_1_41' title="bbox 328 4477 1489 4576; baseline -0.008 -17"><span class='ocrx_word' id='word_1_392' title='bbox 328 4500 427 4559; x_wconf 79' lang='lat' dir='ltr'>Venire</span> <span class='ocrx_word' id='word_1_393' title='bbox 449 4505 479 4569; x_wconf 68' lang='lat' dir='ltr'>ire</span> <span class='ocrx_word' id='word_1_394' title='bbox 502 4477 581 4576; x_wconf 88' lang='lat' dir='ltr'>alqm</span> <span class='ocrx_word' id='word_1_395' title='bbox 604 4497 762 4574; x_wconf 86' lang='lat' dir='ltr'>insolenter</span> <span class='ocrx_word' id='word_1_396' title='bbox 785 4492 887 4570; x_wconf 78' lang='lat' dir='ltr'>dicitur</span> <span class='ocrx_word' id='word_1_397' title='bbox 905 4509 958 4568; x_wconf 91' lang='lat' dir='ltr'>pro</span> <span class='ocrx_word' id='word_1_398' title='bbox 981 4494 1169 4568; x_wconf 79' lang='lat' dir='ltr'>supervenire,</span> <span class='ocrx_word' id='word_1_399' title='bbox 1193 4493 1310 4550; x_wconf 78' lang='lat' dir='ltr'>adoriri</span> <span class='ocrx_word' id='word_1_400' title='bbox 1325 4506 1351 4559; x_wconf 90' lang='lat'>2,</span> <span class='ocrx_word' id='word_1_401' title='bbox 1370 4505 1434 4565; x_wconf 80' lang='lat'>109,</span> <span class='ocrx_word' id='word_1_402' title='bbox 1454 4507 1489 4566; x_wconf 83' lang='lat'>3:</span> 
     </span>
    </p>
   </div>
   <div class='ocr_carea' id='block_1_8' title="bbox 0 0 1548 5118">
    <p class='ocr_par' dir='ltr' id='par_1_13' title="bbox 0 0 1548 5118">
     <span class='ocr_line' id='line_1_42' title="bbox 0 0 1548 5118; baseline 0 0"><span class='ocrx_word' id='word_1_403' title='bbox 0 0 1548 5118; x_wconf 95' lang='lat' dir='ltr'> </span> 
     </span>
    </p>
   </div>
  </div>
 </body>
</html>
