3086 5118
468 301 749 382 '-37-

6 509 96 567 quam
131 491 219 566 apud
249 490 396 568 quosdam
418 493 583 568 ambigitur,
615 493 753 554 Puteolos
784 494 863 554 missi
885 495 982 554 coloni
1012 492 1082 571 (Cic.
1114 495 1151 554 de
1177 513 1218 554 or.
1245 511 1270 566 2,

7 609 50 665 24,
75 608 148 666 104:
174 593 254 651 nihil
278 593 356 652 enim
378 603 429 664 est,
453 594 532 670 quod
555 595 629 654 inter
651 596 783 677 homines
806 597 981 672 ambigitur).

90 695 263 753 Assentarz'
285 695 365 770 apud
391 695 517 772 optimos
543 698 697 772 scriptores
724 715 839 774 semper
864 700 906 758 ita
934 705 1102 774 usurpatur,
1134 705 1166 758 ut
1192 701 1273 758 notio

8 795 182 854 blandiendi
211 797 296 874 insit;
323 796 403 873 apud
426 797 570 884 Vellejum
595 801 625 858 in
652 801 763 860 bonam
789 809 903 876 partem
929 819 983 878 pro
1009 802 1147 859 assentiri
1170 800 1273 862 dicitur

6 897 114 972 pariter
139 905 240 974 atque
264 902 414 958 assentatio
437 917 490 976 pro
513 903 671 960 assensione
693 918 718 972 2,
743 901 801 973 128,
824 919 841 977 3
863 900 929 978 (vid.
948 921 1037 979 supra
1055 921 1083 978 p.
1106 905 1167 979 12),
1197 903 1273 982 llellss

6 1013 31 1064 2,
53 998 101 1071 48,
129 1016 157 1057 1:
182 1000 231 1070 iis,
253 1001 303 1078 qui
325 1018 343 1059 a
366 1000 494 1060 Caesare
516 1002 703 1062 dimittendos
726 1005 868 1064 exercitus
890 997 1117 1073 contendebant,
1140 985 1273 1064 assenta-

10 1101 91 1160 batur
111 1102 282 1180 Pompejus
301 1099 404 1173 tP1aus.
424 1105 513 1164 Most.
540 1121 564 1175 1,
587 1121 614 1180 3,
637 1122 678 1181 9ο
700 1103 788 1182 (246);
816 1105 918 1180 Quint.
942 1121 979 1176 11,
1002 1122 1029 1181 3,
1053 1122 1118 1178 1023
1141 1106 1272 1164 Frontin.

8 1219 33 1276 s,
56 1219 81 1277 s
105 1202 145 1277 4l·
323 1215 326 1220 ’
445 1227 447 1232 ·
1006 1221 1009 1234 ⁴
1077 1199 1079 1205 ’

91 1306 241 1365 Asserere
259 1323 312 1384 pro
334 1325 370 1367 eo
394 1307 504 1379 dicitur,
528 1309 608 1385 quod
625 1318 670 1368 est
691 1312 837 1369 vendicare
854 1327 879 1380 2,
904 1307 953 1380 60,
978 1326 1004 1369 1:
1028 1309 1080 1369 sed
1101 1311 1273 1369 asserebant

10 1407 150 1466 salutaria
176 1411 223 1470 rei
247 1409 383 1485 publicae
405 1419 607 1487 terrarumque
629 1411 707 1470 orbis
735 1411 796 1470 fata
818 1412 1000 1471 conditorem
1021 1418 1270 1469 conservatorem·

12 1526 68 1582 que
90 1509 233 1570 Romani
256 1511 381 1570 nominis
403 1508 498 1586 (Ovid.
520 1520 588 1571 met.
613 1529 634 1583 1,
658 1511 714 1587 462
732 1521 761 1572 et
780 1511 850 1588 7603
874 1514 940 1572 Val.
959 1513 1039 1573 Max.
1057 1530 1084 1587 4,
1103 1529 1131 1584 4,
1150 1528 1179 1585 4;
1203 1512 1269 1571 Sen.

9 1610 84 1684 phil,
109 1612 190 1671 Plin.
217 1613 322 1683 amb0‚
346 1611 436 1682 Curt,
460 1611 570 1684 Quint,
592 1609 692 1691 Suet).
711 1645 751 1657 -
770 1614 857 1690 Apud
874 1615 1000 1693 optimos
1018 1616 1172 1692 scriptores
1189 1632 1270 1674 asse-

11 1731 70 1770 rere
87 1715 278 1772 vocabulum
301 1721 345 1774 est
366 1715 396 1774 in
415 1716 479 1791 Jure
497 1715 628 1774 solemne
649 1724 679 1775 et
697 1711 800 1776 dicitur
822 1717 859 1775 de
876 1717 918 1784 iis,
937 1717 988 1792 qui
1010 1717 1137 1793 aliquem
1155 1735 1192 1776 ex
1208 1735 1269 1775 ser-

11 1813 96 1872 vitute
124 1817 155 1874 in
180 1816 350 1875 libertatem
377 1815 536 1886 vindicant,
559 1835 618 1893 qua
643 1817 672 1876 in
698 1835 730 1876 re
755 1816 795 1876 illi
817 1834 908 1877 manu
932 1819 1022 1894 capiti
1048 1819 1078 1876 in
1104 1819 1268 1877 libertatem

13 1914 181 1976 vindicandi
204 1918 345 1994 imposita
363 1935 431 1976 eum
452 1918 575 1976 liberum
598 1935 662 1976 esse
685 1919 811 1996 ajebant.

93 2019 242 2078 Astruere
260 2021 375 2096 proprie
392 2021 536 2096 significat
551 2021 632 2098 juxta
650 2028 701 2078 aut
718 2039 804 2100 super
823 2021 893 2098 alqd
910 2018 1064 2080 aedificare
1081 2017 1268 2097 (Germanice

11 2117 233 2192 ‚daranbauem
257 2121 513 2198 dariiberbauen‘),
536 2131 568 2180 ut
590 2120 676 2180 Caes.
699 2121 727 2179 b.
750 2139 775 2180 c.
796 2137 821 2191 2,
841 2137 867 2198 9,
888 2122 920 2179 '22
946 2121 1023 2180 hanc
1040 2123 1157 2198 insuper
1175 2122 1268 2180 conti-

15 2222 205 2292 gnationem,
235 2231 379 2300 quantum
401 2231 510 2282 tectum
532 2223 622 2298 plutei
644 2239 679 2282 ac
705 2223 856 2282 vinearum
878 2241 997 2299 passum
1020 2231 1090 2294 erat,
1117 2223 1268 2282 latericulo

12 2330 218 2396 astruxerunt;
242 2326 383 2385 translate
405 2343 422 2383 a
446 2324 560 2402 Velleio
582 2324 676 2400 primo
703 2325 777 2384 inter
800 2324 852 2384 sol.
875 2333 948 2383 orat.
971 2325 1125 2401 scriptores
1151 2327 1267 2401 ponitur

14 2440 62 2496 pro
80 2429 223 2504 adjz'cere,
244 2428 406 2497 attribuere,
429 2429 532 2485 addere
556 2443 576 2496 1,
601 2439 640 2501 17,
663 2442 692 2484 2:
714 2436 746 2485 ut
764 2425 878 2485 Livium
894 2445 1012 2504 quoque
1033 2427 1162 2503 priorum
1177 2417 1267 2486 aetati

14 2533 139 2598 astruas;
174 2545 201 2600 2,
230 2544 273 2604 55,
301 2545 330 2587 2:
362 2547 431 2588 nam
457 2529 549 2588 victus
576 2529 614 2587 ab
642 2545 678 2588 eo
705 2527 872 2588 Pharnaces
899 2531 945 2588 vix
971 2529 1139 2607 quicquam*
1154 2529 1267 2605 gloriae

15 2626 74 2700 ejus
96 2633 228 2690 astruxit
248 2629 312 2705 (Ov.
335 2641 389 2690 art.
412 2649 469 2689 am.
491 2647 515 2702 2,
541 2646 602 2706 119;
625 2630 698 2689 Plin.
721 2631 824 2701 ambo,
851 2631 919 2690 Sen.
941 2631 1019 2707 phil,
1043 2629 1152 2703 Quint,
1176 2629 1267 2705 Tac).

96 2733 263 2809 Auspicari
286 2733 364 2809 apud
391 2741 503 2792 veteres
529 2733 684 2810 scriptores
710 2733 856 2808 significat
882 2734 1011 2809 auspicia
1038 2733 1159 2804 habere,
1187 2732 1266 2809 apud

19 2826 161 2911 Vellejum
190 2844 348 2912 usurpatur
370 2835 475 2894 eadem
502 2835 541 2906 vi,
570 2853 630 2911 qua
651 2837 784 2910 incipere,
816 2837 928 2894 enitebar
947 2837 1066 2914 facere,
1098 2836 1217 2910 ingredi
1239 2851 1264 2904 2,

19 2947 75 3000 101,
98 2951 129 3010 3:
160 2955 252 3014 quem
275 2937 394 2996 militiae
420 2936 546 3010 gradum
572 2936 739 3012 auspicatus
761 2937 790 2995 in
813 2935 953 3014 Thracia3
979 2939 1006 2996 vi
1028 2938 1144 3014 passiva
1170 2944 1266 2996 exstat

17 3048 40 3101 2,
62 3048 107 3111 79,
131 3055 163 3097 2:
189 3039 346 3114 auspicatis
368 3039 409 3096 rei
430 3037 565 3117 publicae
587 3038 731 3096 ominibus
758 3035 834 3112 (Val.
860 3038 953 3110 illlam,
978 3039 1049 3110 Col,
1073 3039 1146 3098 Plin.
1169 3040 1267 3108 amb0‚

18 3131 96 3208 Tac,
119 3139 213 3211 Suet„
236 3139 326 3218 Just).

105 3239 219 3320 Colligi
233 3250 329 3319 potest
346 3251 486 3318 sequente
507 3243 583 3317 qnod
604 3258 625 3312 1,
649 3257 676 3318 9,
700 3241 731 3300 6:
759 3241 815 3300 hoc
837 3241 935 3316 colligi
957 3249 1062 3318 potest,
1085 3242 1164 3320 quod
1187 3225 1268 3301 fuere

15 3332 100 3410 (adde
121 3345 208 3405 lexic·
222 3341 338 3419 Latin.);
361 3352 501 3420 sequente
522 3359 619 3402 accus.
643 3360 710 3401 curn
732 3344 810 3402 infin.
829 3357 853 3414 2,
872 3355 897 3419 7,
920 3359 949 3419 5:
971 3343 1051 3421 quod
1070 3345 1132 3422 jam
1154 3344 1267 3403 nullum
1353 3337 1355 3340 ’

18 3455 80 3500 csse
103 3449 199 3520 spatio
226 3463 370 3507 annorum
393 3444 491 3519 colligi
516 3451 625 3520 potest;
653 3453 794 3520 sequente
815 3446 947 3504 oratione
974 3446 1093 3523 obliqua
1118 3462 1143 3516 2,
1166 3444 1213 3516 86,
1236 3462 1266 3502 2:

16 3557 51 3598 ex
77 3563 137 3620 qua
164 3549 284 3608 lenitate
312 3546 392 3607 ducis
420 3547 516 3621 colligi
548 3553 656 3623 potest,
688 3564 777 3622 quem
803 3547 999 3606 triumviratus
1025 3547 1154 3608 facturus
1181 3547 1265 3606 fuerit

18 3645 137 3704 modum
156 3649 247 3725 (Cic).

105 3747 282 3827 Contingere.
326 3751 394 3808 Sors
416 3749 600 3826 Tyrrhenum
623 3750 745 3824 contigit
768 3739 794 3820 i,
820 3768 845 3820 1,
869 3769 897 3826 4.
915 3751 1127 3822 „Rarissimum
1149 3750 1266 3809 dicendi

18 3861 124 3919 genus,
148 3861 179 3910 ut
200 3852 280 3929 apud
301 3851 420 3928 Septim.
444 3850 481 3908 de
503 3851 579 3910 bello
602 3850 733 3930 Trojano
755 3867 779 3928 5,
808 3867 855 3927 13:
882 3861 914 3911 ut
941 3871 1087 3931 quemque
1109 3869 1171 3910 sors
1194 3869 1264 3910 con-

18 3948 141 4022 tigerat‘
158 3981 161 3988 =
181 3954 380 4014 Ruhnkenius.
421 3952 506 4012 Adde
532 3951 603 4012 Plin.
625 3953 652 4011 h.
675 3972 703 4012 n.
728 3952 767 4024 18,
792 3969 819 4012 rt
843 3953 909 4031 (29),
934 3969 1002 4029 109:
1024 3954 1125 4031 palma
1144 3952 1262 4028 frugum

20 4047 179 4116 indubitata
201 4057 318 4115 Italiam
340 4056 470 4130 contigit.

101 4155 266 4229 Destreere,
289 4157 369 4234 quod
391 4159 507 4233 proprie
530 4157 632 4216 dicitur
655 4157 692 4216 de
715 4156 861 4228 aedificiis,
885 4156 990 4218 deinde
1008 4157 1045 4217 de
1064 4159 1127 4218 aliis
1145 4157 1263 4235 quibus·

22 4247 86 4312 libet
107 4259 202 4330 rebus,
223 4260 284 4338 jam
306 4259 374 4318 inde
396 4275 415 4316 a
437 4259 550 4336 Vellejo
567 4261 637 4338 poni
659 4266 797 4335 coeptum
819 4268 864 4319 est
881 4258 918 4318 de
935 4260 1099 4320 hominibus
1117 4277 1142 4331 2,
1161 4260 1208 4334 48,
1232 4276 1262 4319 2:

21 4352 155 4419 defuisset
178 4362 312 4421 fortunae
335 4360 501 4420 destruendi
523 4363 584 4439 ejus
606 4361 687 4420 locus
710 4359 790 4431 tPlin.
814 4379 882 4437 pan.
905 4361 955 4438 833
981 4361 1089 4434 Quint,
1112 4361 1205 4436 Tac).

102 4461 283 4522 Distrr'buere
309 4480 377 4522 cum
404 4465 617 4539 praepositione
644 4466 674 4521 in
701 4471 841 4540 sequente
867 4465 990 4524 ablativo
1012 4465 1170 4524 insolenter
1192 4481 1264 4523 con·-
