3086 5118
575 323 779 381 ,,,..

43 490 80 549 C.
104 489 195 550 Atilio
218 497 247 550 et
269 490 304 549 A.
327 489 448 549 Servilio
470 509 545 550 coss.
571 499 634 550 tarn
665 492 758 559 facilis
788 501 867 553 esset
897 511 1044 554 annorum
1071 495 1196 572 digestio
1221 481 1311 572 (Plin.¹
1390 489 1401 493 ”

46 589 140 669 maj.)
163 591 224 651 Cic.
244 593 281 651 de
304 598 377 651 orat.
396 607 422 666 3,
442 608 487 667 53,
509 606 565 668 205
588 603 752 661 ,enumerat
770 595 965 669 digestionem
986 597 1062 655 inter
1079 597 1189 672 figuras
1207 598 1306 658 rheto-

44 695 125 753 ricas
149 679 360 752 sententiarum
383 701 413 752 et
435 693 549 751 videtur
570 693 732 769 intelligere
754 695 996 766 distributionem,
1019 715 1080 773 qua
1101 699 1230 773 pluribus
1252 717 1305 776 po-

44 796 118 865 sitis,
143 813 229 854 suum
251 795 372 872 singulis
394 793 525 854 redditur
542 797 717 868 membrum,
742 795 858 858 Graece
873 789 1035 880 μερισμὸν
1058 800 1102 858 vel
1126 795 1305 883 διαίρεσιν.

44 897 174 956 Forcetl.
196 897 308 956 nevit
329 895 458 973 (Quinti.
539 947 540 950 .
965 881 966 884 ‘
1254 963 1256 968 ¹

9 1017 10 1022 ¹
135 1000 251 1057 Dianio
283 999 321 1058 de
347 998 552 1058 distribuendis
583 1000 709 1075 praediis
739 1019 789 1076 per
816 1000 1032 1060 triumvirorum
1058 1002 1319 1079 conscriptionem⁴

43 1109 206 1176 usurpatur
228 1115 257 1168 2,
281 1115 331 1174 74,
355 1116 384 1158 2:
412 1101 461 1176 qui
484 1102 616 1161 instituta
643 1102 782 1161 divisione
802 1099 873 1179 (,bei
895 1103 976 1163 einer
998 1091 1304 1182 Ackervertlieilun.gt)

44 1203 236 1277 praediorum
254 1202 470 1278 nominatisque
487 1203 609 1262 coloniis
625 1219 715 1278 agros
733 1203 892 1262 amiserant
909 1202 992 1278 (Tac.
1009 1223 1080 1264 ann.
1100 1223 1122 1276 1,
1143 1202 1206 1282 rol..
1234 1207 1303 1266 Vim

32 1293 33 1296 '
39 1305 198 1378 partiendi
217 1302 307 1362 babet
323 1303 403 1380 apud
424 1303 493 1362 Sall.
515 1303 584 1382 Jug.
609 1304 651 1375 16,
676 1319 709 1382 5;
731 1305 805 1364 inter
827 1306 936 1380 figuras
959 1307 1118 1366 rhetoricas
1139 1308 1263 1367 refertur
1282 1329 1303 1368 a

45 1403 202 1464 Cicerone.
630 1455 631 1458 ,
835 1487 836 1490 ¹

135 1507 302 1566 Dominium
320 1524 375 1584 pro
395 1507 592 1578 dominatione,
611 1507 756 1566 dominatu
774 1493 891 1584 ponitur
908 1524 934 1577 2,
952 1508 1002 1586 80,
1019 1510 1130 1582 4:.vita
1148 1503 1304 1588 rerumque
1413 1586 1414 1590 Ἰ

47 1625 171 1667 suarum
202 1608 364 1668 dominium
386 1610 414 1668 ei
436 1627 579 1668 concessa
600 1617 667 1669 sunt
688 1607 764 1684 (Val.
787 1609 878 1680 Max,
900 1610 968 1669 Sen.
991 1609 1077 1687 phil).
1117 1605 1224 1672 ¹Cicero
1246 1613 1303 1673 lrac

46 1725 123 1767 voce
144 1727 198 1784 pro
220 1711 353 1769 convivio
375 1710 473 1782 utitur,
497 1711 567 1788 quia
589 1710 726 1772 dominus
744 1710 890 1771 interdum
911 1720 1040 1783 vocatur,
1064 1713 1114 1790 qui
1136 1713 1301 1773 convivium

45 1811 175 1870 exhibet.
269 1843 271 1850 ,
983 1806 984 1810 ’

134 1913 252 1972 Electr'o.
295 1913 466 1980 Electionem
488 1917 559 1972 dore
581 1933 635 1990 pro
658 1932 703 1984 eo,
726 1915 806 1991 quod
829 1921 873 1974 est
895 1914 974 1990 apud
996 1915 1124 1991 optimos
1145 1915 1302 1992 scriptores

46 2017 184 2088 optionem
198 2017 277 2085 dore,
287 2017 403 2094 facero,
422 2015 613 2092 inveniturz,
628 2029 674 2091 72,
690 2017 722 2091 5':
742 2017 849 2102 quippe
867 2015 979 2074 nullum
998 2015 1173 2075 habentibus
1191 2024 1301 2076 statum

46 2115 170 2189 quilibet
196 2115 255 2174 dux
282 2126 345 2176 erat
370 2117 507 2188 idoneus,
534 2135 602 2176 cum
626 2117 745 2176 fortuna
772 2135 832 2176 non
859 2117 1034 2178 electionem
1056 2118 1140 2178 daret
1165 2117 1301 2193 (sende
1345 2193 1347 2198 ι

45 2233 129 2290 prov.
153 2231 243 2291 3,11;
265 2216 339 2276 Plin.
361 2237 408 2294 ep.
431 2235 454 2289 1,
477 2233 524 2289 20,
547 2215 600 2293 22).
634 2218 697 2277 Liv.
720 2233 766 2294 34,
787 2234 829 2294 19,
848 2235 879 2294 3:
901 2219 1075 2278 electionem
1099 2219 1173 2279 ferre
1195 2221 1301 2296 legitur

46 2326 77 2375 et
99 2316 145 2392 38,
168 2317 195 2384 8,
218 2333 247 2393 5:
270 2318 442 2378 electionem
463 2320 636 2396 relinquere.
680 2319 726 2379 Cf.
748 2319 922 2392 Boetticher,
945 2320 1028 2380 lexic.
1051 2319 1145 2379 Tacit.
1167 2340 1196 2397 p.
1219 2337 1274 2396 171.

132 2419 296 2479 Emt'nentm
318 2435 406 2480 sensu
427 2429 566 2480 concreto
588 2421 692 2480 dicitur
708 2421 752 2480 'de
769 2403 943 2492 bominibus,
967 2422 1016 2497 qui
1037 2422 1176 2498 cujusque
1193 2424 1300 2482 artium

46 2521 162 2596 generis
180 2523 317 2598 operibus
335 2522 464 2597 insignes
482 2521 599 2581 fuerunt
618 2538 639 2592 r,
656 2538 696 2598 17,
710 2507 749 2596 4:¹
760 2523 921 2582 eminentia
934 2524 1075 2599 cujusque
1088 2525 1184 2602 operis
1198 2525 1301 2584 arctis·

46 2615 316 2698 simis'tempornm
342 2621 488 2683 claustris
503 2623 698 2694 circumdata;
725 2641 779 2700 pro
806 2623 1004 2699 prominentia
1025 2626 1243 2700 separatimque
1269 2626 1299 2683 in

45 2723 166 2798 picturis
187 2726 323 2801 opposita
345 2726 455 2784 umbris
477 2725 551 2784 haec
573 2742 629 2782 vox
652 2724 731 2800 apud
754 2723 927 2784 Ciceronem
948 2731 1052 2783 exstat.

131 2825 280 2884 Excessus
302 2827 419 2903 propria
440 2825 655 2901 significatione
671 2825 790 2900 ponitur
810 2843 831 2896 1,
853 2840 891 2901 15,
913 2841 938 2883 1:
962 2844 1058 2903 neque
1076 2826 1213 2902 proximis
1231 2833 1300 2902 post

48 2943 199 2986 excessum
216 2929 279 3005 ejus
296 2926 491 3016 (Hannibalis)
513 2927 597 2986 annis
614 2928 730 2986 vacavit
747 2927 890 2986 Romanis
908 2911 1043 2988 colonias
1057 2928 1196 2999 condere;
1219 2929 1299 3005 apud

47 3026 221 3088 Ciceronem
243 3047 359 3106 semper
380 3048 435 3107 pro
456 3037 543 3087 niorto
560 3036 722 3106 ¹usurpatur
743 3028 889 3105 (excessus
910 3048 928 3089 e
950 3026 1031 3107 vita).

78 3115 81 3124 ’
132 3129 258 3188 Exitum
278 3132 353 3190 vitae
375 3132 537 3206 mortisque
557 3131 667 3190 habere
689 3132 834 3192 invenitur
856 3148 880 3201 2,
901 3147 967 3207 7,1,
991 3151 1090 3192 rarum
1112 3141 1142 3193 et
1160 3141 1299 3209 argutum

51 3229 275 3306 dicendigenus
293 3249 359 3308 pro:
382 3225 510 3290 violento
528 3233 632 3292 mortis
647 3249 757 3308 genere
775 3233 878 3309 perire.
915 3233 960 3294 Cf.
979 3234 1098 3293 Ruhnk.
1120 3235 1160 3294 ad
1183 3251 1210 3305 2,
1230 3250 1255 3310 7,
1277 3252 1297 3303 1,

49 3331 99 3406 qui
121 3332 221 3392 mortis
242 3334 353 3392 exitum
375 3334 412 3392 de
434 3334 562 3393 violento
583 3335 685 3394 mortis
707 3310 816 3410 ginere
838 3335 894 3394 dici
916 3337 1057 3411 exemplis
1079 3336 1174 3395 docet.

132 3433 218 3490 llinis
240 3451 258 3492 a
277 3433 391 3512 Vellejo
413 3435 508 3510 primo
530 3453 584 3511 pro
606 3437 663 3494 fine
685 3436 762 3495 vitae
784 3445 941 3511 usurpatur
962 3453 987 3507 2,
1008 3452 1065 3512 123,
1084 3453 1115 3512 3:
1138 3455 1194 3497 nec
1212 3437 1294 3514 quic·

47 3551 136 3609 quam
148 3535 210 3610 jam
221 3535 258 3592 de
267 3536 334 3610 fine,
348 3535 372 3593 si
386 3534 447 3594 sata
461 3543 625 3612 poscerent,
640 3553 790 3596 recusans.
813 3536 858 3596 Ci.
868 3537 1127 3615 Krebs·Allgayer,
1142 3538 1297 3597 Antibarb.

47 3635 93 3702 ed.
113 3634 148 3693 V.
166 3654 195 3712 p.
213 3639 270 3711 476
288 3643 317 3695 et
334 3635 477 3696 Boettich.
496 3638 578 3698 lexic.
596 3637 693 3698 Tacit.
711 3657 740 3714 p.
760 3655 823 3714 199.
858 3641 962 3699 ldnr‘ri
976 3663 1019 3688 =
1036 3643 1114 3699 mori
1128 3640 1189 3700 Cic.
1207 3649 1297 3717 poeta

46 3736 77 3793 in
98 3734 186 3796 Tusc.
211 3753 237 3808 1,
261 3737 312 3811 48,
337 3753 395 3814 115.
1081 3749 1084 3755 ’

130 3839 245 3914 Fulgor
263 3840 379 3917 saepius
397 3842 538 3918 reperitur
555 3842 636 3920 apud
650 3842 795 3919 Vellejum
809 3844 951 3902 translata
964 3843 1184 3918 significatione,
1203 3844 1294 3903 velut:

48 3939 142 4014 fulgor
165 3957 233 3998 suus
257 3957 289 4011 2,
312 3957 366 4017 qq,
388 3957 418 4012 2;
442 3943 462 4000 f.
485 3943 580 4003 avitus
601 3959 631 4013 2,
654 3960 687 4017 4,
711 3942 743 4014 e;
767 3943 786 4002 f.
808 3944 951 4004 adventus
973 3943 1109 4004 Caesaris
1130 3961 1159 4016 2,
1184 3960 1238 4022 50,
1262 3962 1293 4020 4;

49 4038 67 4096 i.
89 4043 251 4098 carminum
276 4059 301 4110 1,
325 4057 359 4116 5,
384 4059 406 4100 1.

129 4142 288 4217 Ingressus
310 4143 390 4219 apud
405 4143 547 4221 Vellejum
571 4144 699 4220 primum
721 4147 837 4221 proprie
859 4154 954 4206 exstat
977 4147 1193 4225 praepositione
1215 4151 1245 4206 in
1268 4167 1294 4208 c.
1362 4217 1364 4222 ,

49 4261 146 4303 aecus.¹
170 4243 273 4303 addita
300 4240 382 4318 (,das
404 4243 641 4322 Hineingehen‘)
668 4261 701 4316 2,
725 4245 775 4321 63,
798 4263 827 4305 2:
859 4248 914 4306 sub
936 4250 1046 4308 Antoni
1064 4250 1237 4324 ingressum
1264 4251 1321 4310 in.

48 4353 141 4404 castra
163 4343 314 4422 Juventius
332 4345 500 4406 Laterensis
522 4365 554 4407 se
577 4348 639 4424 ipse
660 4349 803 4407 transfixit
824 4349 905 4426 (Plin.
928 4368 996 4426 pan.
1021 4365 1048 4426 5,
1072 4367 1104 4426 43
1129 4369 1174 4428 ep.
1198 4351 1239 4420 16,
1265 4355 1294 4425 ¹7
1365 4385 1368 4394 ,

49 4444 113 4522 (28),
136 4461 167 4519 43
194 4449 306 4506 Auson.
329 4445 415 4524 edyll.
439 4447 468 4507 ὁ.
494 4450 578 4526 epist.
599 4449 695 4508 Paulo
722 4469 775 4509 suo
804 4469 832 4526 p.
858 4453 907 4527 167
935 4453 980 4511 ed.
1003 4454 1080 4529 Bip.;
1107 4454 1202 4529 Spart.
1228 4452 1295 4510 Sev.
