<?xml version="1.0" encoding="UTF-8"?>
<!DOCTYPE html PUBLIC "-//W3C//DTD XHTML 1.0 Transitional//EN"
    "http://www.w3.org/TR/xhtml1/DTD/xhtml1-transitional.dtd">
<html xmlns="http://www.w3.org/1999/xhtml" xml:lang="en" lang="en">
 <head>
  <title>
</title>
<meta http-equiv="Content-Type" content="text/html;charset=utf-8" />
  <meta name='ocr-system' content='tesseract 3.04.00' />
  <meta name='ocr-capabilities' content='ocr_page ocr_carea ocr_par ocr_line ocrx_word'/>
</head>
<body>
  <div class='ocr_page' id='page_1' title='image "./deelocutionemve03georgoog_0072.png"; bbox 0 0 3086 5118; ppageno 0'>
   <div class='ocr_carea' id='block_1_1' title="bbox 581 296 785 354">
    <p class='ocr_par' dir='ltr' id='par_1_1' title="bbox 581 296 785 354">
     <span class='ocr_line' id='line_1_1' title="bbox 581 296 785 354; baseline 0 0"><span class='ocrx_word' id='word_1_1' title='bbox 581 329 617 338; x_wconf 90' lang='lat'><em>-</em></span> <span class='ocrx_word' id='word_1_2' title='bbox 662 296 710 354; x_wconf 81' lang='lat'><strong>61·</strong></span> <span class='ocrx_word' id='word_1_3' title='bbox 740 315 785 338; x_wconf 92' lang='lat'><strong>-·</strong></span> 
     </span>
    </p>
   </div>
   <div class='ocr_carea' id='block_1_2' title="bbox 35 451 1303 665">
    <p class='ocr_par' dir='ltr' id='par_1_2' title="bbox 35 451 1303 665">
     <span class='ocr_line' id='line_1_2' title="bbox 35 451 1303 564; baseline 0 -22"><span class='ocrx_word' id='word_1_4' title='bbox 35 480 116 564; x_wconf 90' lang='lat'>[21],</span> <span class='ocrx_word' id='word_1_5' title='bbox 155 481 194 562; x_wconf 84' lang='lat' dir='ltr'><strong>r).</strong></span> <span class='ocrx_word' id='word_1_6' title='bbox 220 516 263 550; x_wconf 64' lang='lat'><strong>,—÷</strong></span> <span class='ocrx_word' id='word_1_7' title='bbox 284 485 457 560; x_wconf 89' lang='lat' dir='ltr'><strong>tranquillus</strong></span> <span class='ocrx_word' id='word_1_8' title='bbox 487 484 566 542; x_wconf 91' lang='lat' dir='ltr'><strong>vultu</strong></span> <span class='ocrx_word' id='word_1_9' title='bbox 597 451 715 559; x_wconf 84' lang='lat' dir='ltr'><strong>vitaque</strong></span> <span class='ocrx_word' id='word_1_10' title='bbox 741 499 770 554; x_wconf 90' lang='lat'><strong>2,</strong></span> <span class='ocrx_word' id='word_1_11' title='bbox 801 497 860 558; x_wconf 88' lang='lat'><strong>127,</strong></span> <span class='ocrx_word' id='word_1_12' title='bbox 890 501 916 558; x_wconf 91' lang='lat'><strong>4.</strong></span> <span class='ocrx_word' id='word_1_13' title='bbox 941 493 1068 542; x_wconf 86' lang='lat' dir='ltr'><strong>-trux</strong></span> <span class='ocrx_word' id='word_1_14' title='bbox 1099 483 1249 555; x_wconf 86' lang='lat' dir='ltr'><strong>ferocitate</strong></span> <span class='ocrx_word' id='word_1_15' title='bbox 1278 499 1303 554; x_wconf 93' lang='grc'><strong>2,</strong></span> 
     </span>
     <span class='ocr_line' id='line_1_3' title="bbox 35 583 269 665; baseline 0.004 -2"><span class='ocrx_word' id='word_1_16' title='bbox 35 603 82 663; x_wconf 75' lang='lat' dir='ltr'><strong>us</strong></span> <span class='ocrx_word' id='word_1_17' title='bbox 108 603 127 645; x_wconf 90' lang='lat'><em>2</em></span> <span class='ocrx_word' id='word_1_18' title='bbox 155 583 269 665; x_wconf 69' lang='lat' dir='ltr'><strong>(Tae).</strong></span> 
     </span>
    </p>
   </div>
   <div class='ocr_carea' id='block_1_3' title="bbox 557 923 843 998">
    <p class='ocr_par' dir='ltr' id='par_1_3' title="bbox 557 923 843 998">
     <span class='ocr_line' id='line_1_4' title="bbox 557 923 843 998; baseline 0.003 -1"><span class='ocrx_word' id='word_1_19' title='bbox 557 926 632 997; x_wconf 14' lang='lat' dir='ltr'><strong>De*</strong></span> <span class='ocrx_word' id='word_1_20' title='bbox 664 923 809 998; x_wconf 76' lang='lat' dir='ltr'><strong>Madia.</strong></span> <span class='ocrx_word' id='word_1_21' title='bbox 841 981 843 984; x_wconf 83' lang='grc'>-</span> 
     </span>
    </p>
   </div>
   <div class='ocr_carea' id='block_1_4' title="bbox 128 1096 1306 1174">
    <p class='ocr_par' dir='ltr' id='par_1_4' title="bbox 128 1096 1306 1174">
     <span class='ocr_line' id='line_1_5' title="bbox 128 1096 1306 1174; baseline -0.001 -18"><span class='ocrx_word' id='word_1_22' title='bbox 128 1097 321 1156; x_wconf 76' lang='lat' dir='ltr'><strong>Indicattbus</strong></span> <span class='ocrx_word' id='word_1_23' title='bbox 351 1097 468 1174; x_wconf 91' lang='lat' dir='ltr'><strong>ponitur</strong></span> <span class='ocrx_word' id='word_1_24' title='bbox 494 1097 524 1155; x_wconf 89' lang='lat' dir='ltr'><strong>in</strong></span> <span class='ocrx_word' id='word_1_25' title='bbox 551 1099 676 1156; x_wconf 82' lang='lat' dir='ltr'><strong>oratione</strong></span> <span class='ocrx_word' id='word_1_26' title='bbox 698 1096 825 1172; x_wconf 83' lang='lat' dir='ltr'><strong>obliquo,</strong></span> <span class='ocrx_word' id='word_1_27' title='bbox 855 1097 935 1174; x_wconf 88' lang='lat' dir='ltr'><strong>cujus</strong></span> <span class='ocrx_word' id='word_1_28' title='bbox 966 1104 1127 1154; x_wconf 79' lang='lat' dir='ltr'><strong>structurae</strong></span> <span class='ocrx_word' id='word_1_29' title='bbox 1159 1115 1196 1154; x_wconf 92' lang='lat' dir='ltr'><strong>ne</strong></span> <span class='ocrx_word' id='word_1_30' title='bbox 1228 1097 1306 1172; x_wconf 90' lang='lat' dir='ltr'><strong>apud</strong></span> 
     </span>
    </p>
   </div>
   <div class='ocr_carea' id='block_1_5' title="bbox 36 1198 1397 1277">
    <p class='ocr_par' dir='ltr' id='par_1_5' title="bbox 36 1198 1397 1277">
     <span class='ocr_line' id='line_1_6' title="bbox 36 1198 1397 1277; baseline 0.001 -19"><span class='ocrx_word' id='word_1_31' title='bbox 36 1201 178 1275; x_wconf 88' lang='lat' dir='ltr'><strong>optimos</strong></span> <span class='ocrx_word' id='word_1_32' title='bbox 215 1199 333 1276; x_wconf 92' lang='lat' dir='ltr'><strong>quidem</strong></span> <span class='ocrx_word' id='word_1_33' title='bbox 364 1201 519 1276; x_wconf 82' lang='lat' dir='ltr'>scriptores</span> <span class='ocrx_word' id='word_1_34' title='bbox 549 1201 655 1259; x_wconf 81' lang='lat' dir='ltr'><strong>desunt</strong></span> <span class='ocrx_word' id='word_1_35' title='bbox 681 1199 825 1274; x_wconf 88' lang='lat' dir='ltr'><strong>exempla.</strong></span> <span class='ocrx_word' id='word_1_36' title='bbox 869 1199 913 1258; x_wconf 93' lang='lat' dir='ltr'><strong>Cf.</strong></span> <span class='ocrx_word' id='word_1_37' title='bbox 937 1198 1054 1258; x_wconf 90' lang='lat' dir='ltr'><strong>Kuehn.</strong></span> <span class='ocrx_word' id='word_1_38' title='bbox 1081 1198 1192 1258; x_wconf 90' lang='lat' dir='ltr'><strong>Livian.</strong></span> <span class='ocrx_word' id='word_1_39' title='bbox 1225 1200 1305 1277; x_wconf 89' lang='lat' dir='ltr'><strong>Synt.</strong></span> <span class='ocrx_word' id='word_1_40' title='bbox 1394 1208 1397 1213; x_wconf 83' lang='lat'>&#39;</span> 
     </span>
    </p>
   </div>
   <div class='ocr_carea' id='block_1_6' title="bbox 6 1297 1354 4546">
    <p class='ocr_par' dir='ltr' id='par_1_6' title="bbox 40 1297 1308 1990">
     <span class='ocr_line' id='line_1_7' title="bbox 40 1297 1306 1378; baseline 0.001 -19"><span class='ocrx_word' id='word_1_41' title='bbox 40 1320 69 1377; x_wconf 94' lang='lat' dir='ltr'><strong>p.</strong></span> <span class='ocrx_word' id='word_1_42' title='bbox 94 1316 172 1377; x_wconf 89' lang='grc'><strong>233;</strong></span> <span class='ocrx_word' id='word_1_43' title='bbox 205 1301 306 1360; x_wconf 88' lang='lat' dir='ltr'><strong>Madv.</strong></span> <span class='ocrx_word' id='word_1_44' title='bbox 332 1300 432 1360; x_wconf 88' lang='lat' dir='ltr'><strong>latein.</strong></span> <span class='ocrx_word' id='word_1_45' title='bbox 461 1301 652 1378; x_wconf 90' lang='lat' dir='ltr'><strong>Sprachlehre</strong></span> <span class='ocrx_word' id='word_1_46' title='bbox 679 1298 699 1376; x_wconf 65' lang='grc' dir='ltr'>ξ</span> <span class='ocrx_word' id='word_1_47' title='bbox 722 1300 779 1376; x_wconf 85' lang='grc'><strong>369</strong></span> <span class='ocrx_word' id='word_1_48' title='bbox 802 1301 942 1359; x_wconf 90' lang='lat' dir='ltr'><strong>Anmerk.</strong></span> <span class='ocrx_word' id='word_1_49' title='bbox 969 1297 1012 1369; x_wconf 55' lang='lat'><strong>23&#39;</strong></span> <span class='ocrx_word' id='word_1_50' title='bbox 1030 1301 1144 1376; x_wconf 86' lang='lat' dir='ltr'><strong>Zumpt.</strong></span> <span class='ocrx_word' id='word_1_51' title='bbox 1173 1301 1306 1360; x_wconf 90' lang='lat' dir='ltr'><strong>Gramm.</strong></span> 
     </span>
     <span class='ocr_line' id='line_1_8' title="bbox 41 1401 1307 1479; baseline 0 -17"><span class='ocrx_word' id='word_1_52' title='bbox 41 1404 112 1462; x_wconf 90' lang='lat' dir='ltr'><strong>Lat.</strong></span> <span class='ocrx_word' id='word_1_53' title='bbox 145 1401 169 1479; x_wconf 63' lang='grc' dir='ltr'>ὅ</span> <span class='ocrx_word' id='word_1_54' title='bbox 202 1418 254 1479; x_wconf 93' lang='grc'><strong>333</strong></span> <span class='ocrx_word' id='word_1_55' title='bbox 281 1404 369 1462; x_wconf 73' lang='lat' dir='ltr'><strong>hum.</strong></span> <span class='ocrx_word' id='word_1_56' title='bbox 399 1420 420 1462; x_wconf 91' lang='lat'><strong>1.</strong></span> <span class='ocrx_word' id='word_1_57' title='bbox 439 1434 479 1446; x_wconf 96' lang='lat'>-</span> <span class='ocrx_word' id='word_1_58' title='bbox 504 1403 578 1462; x_wconf 88' lang='lat' dir='ltr'><strong>Vell.</strong></span> <span class='ocrx_word' id='word_1_59' title='bbox 597 1419 635 1473; x_wconf 84' lang='grc'><strong>’2,</strong></span> <span class='ocrx_word' id='word_1_60' title='bbox 662 1417 709 1478; x_wconf 88' lang='lat'><strong>27,</strong></span> <span class='ocrx_word' id='word_1_61' title='bbox 737 1419 766 1461; x_wconf 91' lang='lat'><strong>2:</strong></span> <span class='ocrx_word' id='word_1_62' title='bbox 798 1403 934 1462; x_wconf 90' lang='lat' dir='ltr'><strong>adiiciens</strong></span> <span class='ocrx_word' id='word_1_63' title='bbox 965 1420 1126 1478; x_wconf 85' lang='lat' dir='ltr'><strong>numquam</strong></span> <span class='ocrx_word' id='word_1_64' title='bbox 1158 1402 1307 1462; x_wconf 86' lang='lat' dir='ltr'><strong>defuturos</strong></span> 
     </span>
     <span class='ocr_line' id='line_1_9' title="bbox 43 1500 1307 1581; baseline -0.002 -18"><span class='ocrx_word' id='word_1_65' title='bbox 43 1513 192 1581; x_wconf 88' lang='lat' dir='ltr'><strong>raptores</strong></span> <span class='ocrx_word' id='word_1_66' title='bbox 211 1504 315 1564; x_wconf 86' lang='lat' dir='ltr'><strong>Italiae</strong></span> <span class='ocrx_word' id='word_1_67' title='bbox 332 1504 472 1564; x_wconf 85' lang='lat' dir='ltr'><strong>libertatis</strong></span> <span class='ocrx_word' id='word_1_68' title='bbox 489 1503 581 1580; x_wconf 90' lang='lat' dir='ltr'><strong>lupos,</strong></span> <span class='ocrx_word' id='word_1_69' title='bbox 599 1504 659 1562; x_wconf 86' lang='lat' dir='ltr'><strong>¹nisi</strong></span> <span class='ocrx_word' id='word_1_70' title='bbox 677 1504 757 1574; x_wconf 89' lang='lat' dir='ltr'><strong>silva,</strong></span> <span class='ocrx_word' id='word_1_71' title='bbox 773 1505 806 1562; x_wconf 90' lang='lat' dir='ltr'><strong>in</strong></span> <span class='ocrx_word' id='word_1_72' title='bbox 824 1521 915 1581; x_wconf 90' lang='lat' dir='ltr'><strong>quam</strong></span> <span class='ocrx_word' id='word_1_73' title='bbox 933 1502 1067 1578; x_wconf 82' lang='lat' dir='ltr'><strong>refugere</strong></span> <span class='ocrx_word' id='word_1_74' title='bbox 1093 1504 1188 1562; x_wconf 88' lang='lat' dir='ltr'><strong>solent</strong></span> <span class='ocrx_word' id='word_1_75' title='bbox 1201 1500 1307 1581; x_wconf 71' lang='lat' dir='ltr'><strong>⁴(Halm</strong></span> 
     </span>
     <span class='ocr_line' id='line_1_10' title="bbox 44 1602 1306 1684; baseline 0 -20"><span class='ocrx_word' id='word_1_76' title='bbox 44 1602 218 1683; x_wconf 71' lang='lat' dir='ltr'><strong>solerent)</strong></span> <span class='ocrx_word' id='word_1_77' title='bbox 240 1615 316 1667; x_wconf 85' lang='lat' dir='ltr'><strong>esset</strong></span> <span class='ocrx_word' id='word_1_78' title='bbox 337 1608 442 1666; x_wconf 88' lang='lat' dir='ltr'><strong>excisa.</strong></span> <span class='ocrx_word' id='word_1_79' title='bbox 471 1605 516 1666; x_wconf 87' lang='lat' dir='ltr'><strong>Cf.</strong></span> <span class='ocrx_word' id='word_1_80' title='bbox 538 1605 619 1670; x_wconf 88' lang='lat' dir='ltr'><strong>Kritz</strong></span> <span class='ocrx_word' id='word_1_81' title='bbox 643 1607 682 1665; x_wconf 89' lang='lat' dir='ltr'><strong>ad</strong></span> <span class='ocrx_word' id='word_1_82' title='bbox 703 1605 772 1664; x_wconf 91' lang='lat' dir='ltr'><strong>Sall.</strong></span> <span class='ocrx_word' id='word_1_83' title='bbox 796 1605 862 1684; x_wconf 83' lang='lat' dir='ltr'><strong>jug.</strong></span> <span class='ocrx_word' id='word_1_84' title='bbox 881 1603 925 1680; x_wconf 87' lang='grc'><strong>38,</strong></span> <span class='ocrx_word' id='word_1_85' title='bbox 945 1621 967 1680; x_wconf 84' lang='lat' dir='ltr'><strong>q</strong></span> <span class='ocrx_word' id='word_1_86' title='bbox 981 1625 1009 1681; x_wconf 89' lang='lat' dir='ltr'><strong>p.</strong></span> <span class='ocrx_word' id='word_1_87' title='bbox 1029 1621 1090 1679; x_wconf 85' lang='grc'><strong>322.</strong></span> <span class='ocrx_word' id='word_1_88' title='bbox 1109 1637 1149 1648; x_wconf 90' lang='grc'>-</span> <span class='ocrx_word' id='word_1_89' title='bbox 1168 1622 1192 1674; x_wconf 93' lang='grc'><strong>2,</strong></span> <span class='ocrx_word' id='word_1_90' title='bbox 1212 1621 1259 1680; x_wconf 83' lang='lat'><strong>94,</strong></span> <span class='ocrx_word' id='word_1_91' title='bbox 1278 1621 1306 1664; x_wconf 90' lang='lat'><strong>2:</strong></span> 
     </span>
     <span class='ocr_line' id='line_1_11' title="bbox 47 1709 1308 1786; baseline 0 -20"><span class='ocrx_word' id='word_1_92' title='bbox 47 1709 108 1785; x_wconf 93' lang='lat' dir='ltr'><strong>qui,</strong></span> <span class='ocrx_word' id='word_1_93' title='bbox 140 1717 276 1786; x_wconf 88' lang='lat' dir='ltr'><strong>quantus</strong></span> <span class='ocrx_word' id='word_1_94' title='bbox 298 1717 350 1779; x_wconf 88' lang='lat' dir='ltr'><strong>est,</strong></span> <span class='ocrx_word' id='word_1_95' title='bbox 373 1709 483 1786; x_wconf 89' lang='lat' dir='ltr'><strong>sperari</strong></span> <span class='ocrx_word' id='word_1_96' title='bbox 505 1716 634 1784; x_wconf 88' lang='lat' dir='ltr'><strong>poterat;</strong></span> <span class='ocrx_word' id='word_1_97' title='bbox 661 1725 689 1779; x_wconf 91' lang='lat'><strong>2,</strong></span> <span class='ocrx_word' id='word_1_98' title='bbox 715 1721 773 1782; x_wconf 92' lang='lat'><strong>117,</strong></span> <span class='ocrx_word' id='word_1_99' title='bbox 796 1723 827 1783; x_wconf 83' lang='lat'><strong>3:</strong></span> <span class='ocrx_word' id='word_1_100' title='bbox 855 1709 988 1783; x_wconf 88' lang='lat' dir='ltr'><strong>concepit</strong></span> <span class='ocrx_word' id='word_1_101' title='bbox 1010 1725 1074 1766; x_wconf 88' lang='lat' dir='ltr'><strong>esse</strong></span> <span class='ocrx_word' id='word_1_102' title='bbox 1095 1709 1237 1778; x_wconf 85' lang='lat' dir='ltr'><strong>homines,</strong></span> <span class='ocrx_word' id='word_1_103' title='bbox 1259 1709 1308 1783; x_wconf 93' lang='lat' dir='ltr'><strong>qui</strong></span> 
     </span>
     <span class='ocr_line' id='line_1_12' title="bbox 45 1808 1308 1886; baseline 0.001 -18"><span class='ocrx_word' id='word_1_104' title='bbox 45 1811 119 1869; x_wconf 91' lang='lat' dir='ltr'><strong>nihil</strong></span> <span class='ocrx_word' id='word_1_105' title='bbox 146 1810 296 1870; x_wconf 87' lang='lat' dir='ltr'><strong>haberent</strong></span> <span class='ocrx_word' id='word_1_106' title='bbox 318 1819 433 1886; x_wconf 90' lang='lat' dir='ltr'><strong>praeter</strong></span> <span class='ocrx_word' id='word_1_107' title='bbox 455 1827 558 1868; x_wconf 90' lang='lat' dir='ltr'><strong>vocem</strong></span> <span class='ocrx_word' id='word_1_108' title='bbox 576 1811 727 1868; x_wconf 86' lang='lat' dir='ltr'><strong>hominum</strong></span> <span class='ocrx_word' id='word_1_109' title='bbox 751 1809 859 1886; x_wconf 90' lang='lat' dir='ltr'><strong>quique</strong></span> <span class='ocrx_word' id='word_1_110' title='bbox 881 1808 986 1882; x_wconf 88' lang='lat' dir='ltr'><strong>gladiis</strong></span> <span class='ocrx_word' id='word_1_111' title='bbox 1009 1809 1122 1868; x_wconf 91' lang='lat' dir='ltr'><strong>domari</strong></span> <span class='ocrx_word' id='word_1_112' title='bbox 1145 1823 1204 1869; x_wconf 87' lang='lat' dir='ltr'><strong>non</strong></span> <span class='ocrx_word' id='word_1_113' title='bbox 1226 1819 1308 1885; x_wconf 92' lang='lat' dir='ltr'><strong>pote·</strong></span> 
     </span>
     <span class='ocr_line' id='line_1_13' title="bbox 47 1888 1148 1990; baseline 0.001 -21"><span class='ocrx_word' id='word_1_114' title='bbox 47 1921 125 1984; x_wconf 91' lang='lat' dir='ltr'><strong>rant,</strong></span> <span class='ocrx_word' id='word_1_115' title='bbox 157 1930 251 1990; x_wconf 90' lang='lat' dir='ltr'><strong>posse</strong></span> <span class='ocrx_word' id='word_1_116' title='bbox 269 1913 333 1989; x_wconf 87' lang='lat' dir='ltr'><strong>jure</strong></span> <span class='ocrx_word' id='word_1_117' title='bbox 355 1912 485 1971; x_wconf 89' lang='lat' dir='ltr'><strong>mulceri.</strong></span> <span class='ocrx_word' id='word_1_118' title='bbox 845 1920 849 1926; x_wconf 83' lang='lat'>&#39;</span> <span class='ocrx_word' id='word_1_119' title='bbox 1145 1888 1148 1904; x_wconf 51' lang='lat'>¹</span> 
     </span>
    </p>

    <p class='ocr_par' dir='ltr' id='par_1_7' title="bbox 48 2013 1310 2397">
     <span class='ocr_line' id='line_1_14' title="bbox 142 2013 1310 2094; baseline -0.001 -21"><span class='ocrx_word' id='word_1_120' title='bbox 142 2015 328 2074; x_wconf 72' lang='lat' dir='ltr'><strong>Indz&#39;catrirus</strong></span> <span class='ocrx_word' id='word_1_121' title='bbox 345 2015 473 2094; x_wconf 84' lang='lat' dir='ltr'><strong>perfecti</strong></span> <span class='ocrx_word' id='word_1_122' title='bbox 491 2025 654 2091; x_wconf 90' lang='lat' dir='ltr'><strong>usurpatur,</strong></span> <span class='ocrx_word' id='word_1_123' title='bbox 677 2015 726 2073; x_wconf 91' lang='lat' dir='ltr'><strong>ubi</strong></span> <span class='ocrx_word' id='word_1_124' title='bbox 744 2014 943 2092; x_wconf 84' lang='lat' dir='ltr'><strong>conjunctivus</strong></span> <span class='ocrx_word' id='word_1_125' title='bbox 961 2013 1238 2090; x_wconf 87' lang='lat' dir='ltr'><strong>plusquamperfecti</strong></span> <span class='ocrx_word' id='word_1_126' title='bbox 1261 2034 1310 2072; x_wconf 85' lang='lat' dir='ltr'><strong>ex·</strong></span> 
     </span>
     <span class='ocr_line' id='line_1_15' title="bbox 49 2113 1309 2193; baseline 0 -18"><span class='ocrx_word' id='word_1_127' title='bbox 49 2125 211 2192; x_wconf 90' lang='lat' dir='ltr'><strong>spectatur</strong></span> <span class='ocrx_word' id='word_1_128' title='bbox 228 2133 253 2186; x_wconf 93' lang='lat'><strong>2,</strong></span> <span class='ocrx_word' id='word_1_129' title='bbox 272 2131 314 2192; x_wconf 83' lang='lat'><strong>52,</strong></span> <span class='ocrx_word' id='word_1_130' title='bbox 333 2117 510 2192; x_wconf 67' lang='lat' dir='ltr'><strong>2:.plerique</strong></span> <span class='ocrx_word' id='word_1_131' title='bbox 529 2117 728 2186; x_wconf 89' lang='lat' dir='ltr'><strong>hortabantur,</strong></span> <span class='ocrx_word' id='word_1_132' title='bbox 746 2124 778 2174; x_wconf 95' lang='lat' dir='ltr'><strong>ut</strong></span> <span class='ocrx_word' id='word_1_133' title='bbox 796 2117 825 2175; x_wconf 89' lang='lat' dir='ltr'><strong>in</strong></span> <span class='ocrx_word' id='word_1_134' title='bbox 841 2116 958 2175; x_wconf 91' lang='lat' dir='ltr'><strong>Italiam</strong></span> <span class='ocrx_word' id='word_1_135' title='bbox 976 2118 1184 2175; x_wconf 89' lang='lat' dir='ltr'><strong>transmitteret</strong></span> <span class='ocrx_word' id='word_1_136' title='bbox 1203 2113 1309 2193; x_wconf 91' lang='lat' dir='ltr'><strong>(neque</strong></span> 
     </span>
     <span class='ocr_line' id='line_1_16' title="bbox 48 2216 1307 2296; baseline -0.002 -19"><span class='ocrx_word' id='word_1_137' title='bbox 48 2219 193 2278; x_wconf 85' lang='lat' dir='ltr'><strong>hercules</strong></span> <span class='ocrx_word' id='word_1_138' title='bbox 215 2220 373 2296; x_wconf 90' lang='lat' dir='ltr'><strong>quicquam</strong></span> <span class='ocrx_word' id='word_1_139' title='bbox 390 2220 521 2295; x_wconf 88' lang='lat' dir='ltr'><strong>partibus</strong></span> <span class='ocrx_word' id='word_1_140' title='bbox 539 2219 593 2278; x_wconf 90' lang='lat' dir='ltr'><strong>illis</strong></span> <span class='ocrx_word' id='word_1_141' title='bbox 608 2220 752 2278; x_wconf 89' lang='lat' dir='ltr'><strong>salubrius</strong></span> <span class='ocrx_word' id='word_1_142' title='bbox 770 2216 840 2294; x_wconf 87' lang='lat' dir='ltr'><strong>fuit),</strong></span> <span class='ocrx_word' id='word_1_143' title='bbox 860 2218 908 2278; x_wconf 91' lang='lat' dir='ltr'><strong>alii</strong></span> <span class='ocrx_word' id='word_1_144' title='bbox 923 2226 958 2277; x_wconf 82' lang='lat' dir='ltr'><strong>‘ut</strong></span> <span class='ocrx_word' id='word_1_145' title='bbox 971 2217 1081 2276; x_wconf 93' lang='lat' dir='ltr'><strong>bellum</strong></span> <span class='ocrx_word' id='word_1_146' title='bbox 1103 2217 1230 2277; x_wconf 90' lang='lat' dir='ltr'><strong>traheret</strong></span> <span class='ocrx_word' id='word_1_147' title='bbox 1252 2227 1307 2277; x_wconf 88' lang='lat' dir='ltr'><strong>etc.</strong></span> 
     </span>
     <span class='ocr_line' id='line_1_17' title="bbox 53 2304 549 2397; baseline 0.002 -19"><span class='ocrx_word' id='word_1_148' title='bbox 53 2319 99 2379; x_wconf 90' lang='lat' dir='ltr'><strong>Cf.</strong></span> <span class='ocrx_word' id='word_1_149' title='bbox 119 2321 234 2396; x_wconf 92' lang='lat' dir='ltr'><strong>Zumpt</strong></span> <span class='ocrx_word' id='word_1_150' title='bbox 256 2317 354 2397; x_wconf 61' lang='lat'>5518.</span> <span class='ocrx_word' id='word_1_151' title='bbox 547 2304 549 2307; x_wconf 25' lang='lat'><strong><em>¹</em></strong></span> 
     </span>
    </p>

    <p class='ocr_par' dir='ltr' id='par_1_8' title="bbox 140 2421 1354 2501">
     <span class='ocr_line' id='line_1_18' title="bbox 140 2421 1354 2501; baseline -0.001 -21"><span class='ocrx_word' id='word_1_152' title='bbox 140 2423 324 2481; x_wconf 80' lang='lat' dir='ltr'><strong>Indicatr‘vus</strong></span> <span class='ocrx_word' id='word_1_153' title='bbox 347 2422 472 2501; x_wconf 82' lang='lat' dir='ltr'><strong>perfecti</strong></span> <span class='ocrx_word' id='word_1_154' title='bbox 495 2422 525 2480; x_wconf 91' lang='lat' dir='ltr'><strong>in</strong></span> <span class='ocrx_word' id='word_1_155' title='bbox 551 2423 673 2501; x_wconf 91' lang='lat' dir='ltr'><strong>apodosi</strong></span> <span class='ocrx_word' id='word_1_156' title='bbox 696 2423 902 2483; x_wconf 85' lang='lat' dir='ltr'><strong>enuntiationis</strong></span> <span class='ocrx_word' id='word_1_157' title='bbox 925 2421 1132 2480; x_wconf 90' lang='lat' dir='ltr'><strong>condicionalis</strong></span> <span class='ocrx_word' id='word_1_158' title='bbox 1154 2428 1309 2496; x_wconf 87' lang='lat' dir='ltr'><strong>usurpatur</strong></span> <span class='ocrx_word' id='word_1_159' title='bbox 1350 2434 1354 2444; x_wconf 87' lang='grc'><strong>’</strong></span> 
     </span>
    </p>

    <p class='ocr_par' dir='ltr' id='par_1_9' title="bbox 6 2523 1328 2804">
     <span class='ocr_line' id='line_1_19' title="bbox 54 2523 1328 2602; baseline -0.001 -20"><span class='ocrx_word' id='word_1_160' title='bbox 54 2524 161 2584; x_wconf 85' lang='lat' dir='ltr'><strong>addita</strong></span> <span class='ocrx_word' id='word_1_161' title='bbox 185 2525 294 2601; x_wconf 88' lang='lat' dir='ltr'><strong>protasi</strong></span> <span class='ocrx_word' id='word_1_162' title='bbox 316 2542 367 2600; x_wconf 92' lang='lat' dir='ltr'><strong>per</strong></span> <span class='ocrx_word' id='word_1_163' title='bbox 389 2523 551 2600; x_wconf 88' lang='lat' dir='ltr'><strong>imperfecti</strong></span> <span class='ocrx_word' id='word_1_164' title='bbox 573 2526 789 2602; x_wconf 82' lang='lat' dir='ltr'><strong>conjunctivum</strong></span> <span class='ocrx_word' id='word_1_165' title='bbox 815 2542 835 2595; x_wconf 90' lang='lat' dir='ltr'><strong>r,</strong></span> <span class='ocrx_word' id='word_1_166' title='bbox 861 2524 902 2594; x_wconf 90' lang='lat'><strong>18,</strong></span> <span class='ocrx_word' id='word_1_167' title='bbox 926 2540 957 2598; x_wconf 80' lang='lat'><strong>3:</strong></span> <span class='ocrx_word' id='word_1_168' title='bbox 980 2541 1056 2600; x_wconf 92' lang='lat' dir='ltr'><strong>quae</strong></span> <span class='ocrx_word' id='word_1_169' title='bbox 1078 2523 1163 2582; x_wconf 88' lang='lat' dir='ltr'><strong>urbes</strong></span> <span class='ocrx_word' id='word_1_170' title='bbox 1186 2523 1328 2581; x_wconf 82' lang='lat' dir='ltr'><strong>cunctae</strong></span> 
     </span>
     <span class='ocr_line' id='line_1_20' title="bbox 6 2607 1317 2698; baseline -0.001 -16"><span class='ocrx_word' id='word_1_171' title='bbox 6 2607 7 2616; x_wconf 10' lang='grc' dir='ltr'>ἵ</span> <span class='ocrx_word' id='word_1_172' title='bbox 53 2624 225 2686; x_wconf 84' lang='lat' dir='ltr'><strong>liberalium</strong></span> <span class='ocrx_word' id='word_1_173' title='bbox 248 2626 408 2684; x_wconf 93' lang='lat' dir='ltr'><strong>studiorum</strong></span> <span class='ocrx_word' id='word_1_174' title='bbox 432 2624 512 2684; x_wconf 90' lang='lat' dir='ltr'><strong>fuere</strong></span> <span class='ocrx_word' id='word_1_175' title='bbox 534 2627 656 2698; x_wconf 89' lang='lat' dir='ltr'><strong>steriles,</strong></span> <span class='ocrx_word' id='word_1_176' title='bbox 680 2627 734 2695; x_wconf 83' lang='lat' dir='ltr'><strong>nisi</strong></span> <span class='ocrx_word' id='word_1_177' title='bbox 756 2626 876 2685; x_wconf 89' lang='lat' dir='ltr'><strong>Thebas</strong></span> <span class='ocrx_word' id='word_1_178' title='bbox 898 2643 990 2683; x_wconf 91' lang='lat' dir='ltr'><strong>unum</strong></span> <span class='ocrx_word' id='word_1_179' title='bbox 1012 2641 1045 2684; x_wconf 91' lang='lat' dir='ltr'><strong>os</strong></span> <span class='ocrx_word' id='word_1_180' title='bbox 1067 2624 1184 2682; x_wconf 88' lang='lat' dir='ltr'><strong>Pindari</strong></span> <span class='ocrx_word' id='word_1_181' title='bbox 1205 2624 1317 2682; x_wconf 70' lang='lat' dir='ltr'><strong>illumi.</strong></span> 
     </span>
     <span class='ocr_line' id='line_1_21' title="bbox 56 2720 1245 2804; baseline -0.001 -18"><span class='ocrx_word' id='word_1_182' title='bbox 56 2736 153 2786; x_wconf 89' lang='lat' dir='ltr'><strong>naret.</strong></span> <span class='ocrx_word' id='word_1_183' title='bbox 199 2727 244 2786; x_wconf 88' lang='lat' dir='ltr'><strong>Cf.</strong></span> <span class='ocrx_word' id='word_1_184' title='bbox 267 2729 372 2804; x_wconf 91' lang='lat' dir='ltr'><strong>Zumpt</strong></span> <span class='ocrx_word' id='word_1_185' title='bbox 394 2725 414 2804; x_wconf 64' lang='grc' dir='ltr'>ξ</span> <span class='ocrx_word' id='word_1_186' title='bbox 436 2720 514 2804; x_wconf 68' lang='lat'>519¹).</span> <span class='ocrx_word' id='word_1_187' title='bbox 1243 2731 1245 2736; x_wconf 87' lang='grc'><strong>’</strong></span> 
     </span>
    </p>

    <p class='ocr_par' dir='ltr' id='par_1_10' title="bbox 58 2827 1309 3108">
     <span class='ocr_line' id='line_1_22' title="bbox 146 2827 1308 2909; baseline -0.003 -20"><span class='ocrx_word' id='word_1_188' title='bbox 146 2831 315 2909; x_wconf 82' lang='lat' dir='ltr'><strong>Praesentis</strong></span> <span class='ocrx_word' id='word_1_189' title='bbox 336 2831 421 2888; x_wconf 79' lang='lat' dir='ltr'><strong>indic.</strong></span> <span class='ocrx_word' id='word_1_190' title='bbox 445 2847 497 2906; x_wconf 90' lang='lat' dir='ltr'><strong>pro</strong></span> <span class='ocrx_word' id='word_1_191' title='bbox 520 2829 617 2889; x_wconf 90' lang='lat' dir='ltr'><strong>futuro</strong></span> <span class='ocrx_word' id='word_1_192' title='bbox 639 2831 755 2906; x_wconf 92' lang='lat' dir='ltr'><strong>ponitur</strong></span> <span class='ocrx_word' id='word_1_193' title='bbox 777 2846 802 2900; x_wconf 91' lang='lat'><strong>2,</strong></span> <span class='ocrx_word' id='word_1_194' title='bbox 825 2845 869 2905; x_wconf 82' lang='lat'><strong>32,</strong></span> <span class='ocrx_word' id='word_1_195' title='bbox 894 2845 918 2886; x_wconf 94' lang='lat'><strong>1:</strong></span> <span class='ocrx_word' id='word_1_196' title='bbox 941 2829 964 2887; x_wconf 89' lang='lat' dir='ltr'><strong>si</strong></span> <span class='ocrx_word' id='word_1_197' title='bbox 987 2828 1061 2904; x_wconf 93' lang='lat' dir='ltr'><strong>quid</strong></span> <span class='ocrx_word' id='word_1_198' title='bbox 1074 2828 1141 2886; x_wconf 93' lang='lat' dir='ltr'><strong>huic</strong></span> <span class='ocrx_word' id='word_1_199' title='bbox 1163 2827 1308 2897; x_wconf 90' lang='lat' dir='ltr'><strong>acciderit,</strong></span> 
     </span>
     <span class='ocr_line' id='line_1_23' title="bbox 58 2925 1309 3008; baseline -0.002 -20"><span class='ocrx_word' id='word_1_200' title='bbox 58 2949 150 3006; x_wconf 91' lang='lat' dir='ltr'><strong>quem</strong></span> <span class='ocrx_word' id='word_1_201' title='bbox 173 2932 203 2989; x_wconf 91' lang='lat' dir='ltr'><strong>in</strong></span> <span class='ocrx_word' id='word_1_202' title='bbox 226 2933 287 3008; x_wconf 92' lang='lat' dir='ltr'><strong>ejus</strong></span> <span class='ocrx_word' id='word_1_203' title='bbox 308 2931 406 2989; x_wconf 94' lang='lat' dir='ltr'><strong>locum</strong></span> <span class='ocrx_word' id='word_1_204' title='bbox 429 2929 616 2991; x_wconf 86' lang='lat' dir='ltr'><strong>substituitis?</strong></span> <span class='ocrx_word' id='word_1_205' title='bbox 647 2931 692 2991; x_wconf 93' lang='lat' dir='ltr'><strong>Cf.</strong></span> <span class='ocrx_word' id='word_1_206' title='bbox 710 2931 859 2990; x_wconf 86' lang='lat' dir='ltr'><strong>Drakenb.</strong></span> <span class='ocrx_word' id='word_1_207' title='bbox 878 2930 917 2988; x_wconf 94' lang='lat' dir='ltr'><strong>ad</strong></span> <span class='ocrx_word' id='word_1_208' title='bbox 934 2930 996 2989; x_wconf 90' lang='lat' dir='ltr'><strong>Liv.</strong></span> <span class='ocrx_word' id='word_1_209' title='bbox 1016 2948 1041 3006; x_wconf 86' lang='lat'><strong>3,</strong></span> <span class='ocrx_word' id='word_1_210' title='bbox 1060 2929 1097 3006; x_wconf 82' lang='lat'><strong>56</strong></span> <span class='ocrx_word' id='word_1_211' title='bbox 1116 2946 1135 3002; x_wconf 92' lang='lat'>4</span> <span class='ocrx_word' id='word_1_212' title='bbox 1153 2925 1309 3006; x_wconf 85' lang='lat' dir='ltr'><strong>(Weissen-</strong></span> 
     </span>
     <span class='ocr_line' id='line_1_24' title="bbox 58 3030 469 3108; baseline 0.007 -21"><span class='ocrx_word' id='word_1_213' title='bbox 58 3030 136 3090; x_wconf 91' lang='lat' dir='ltr'><strong>born</strong></span> <span class='ocrx_word' id='word_1_214' title='bbox 161 3040 192 3091; x_wconf 91' lang='lat' dir='ltr'><strong>et</strong></span> <span class='ocrx_word' id='word_1_215' title='bbox 213 3032 303 3090; x_wconf 89' lang='lat' dir='ltr'><strong>Hertz</strong></span> <span class='ocrx_word' id='word_1_216' title='bbox 325 3030 469 3108; x_wconf 76' lang='lat' dir='ltr'><strong>jubebo).</strong></span> 
     </span>
    </p>

    <p class='ocr_par' dir='ltr' id='par_1_11' title="bbox 59 3133 1346 3614">
     <span class='ocr_line' id='line_1_25' title="bbox 146 3133 1310 3212; baseline -0.002 -20"><span class='ocrx_word' id='word_1_217' title='bbox 146 3133 237 3206; x_wconf 91' lang='lat' dir='ltr'><strong>Quod</strong></span> <span class='ocrx_word' id='word_1_218' title='bbox 258 3134 362 3192; x_wconf 89' lang='lat' dir='ltr'><strong>attinet</strong></span> <span class='ocrx_word' id='word_1_219' title='bbox 383 3133 422 3192; x_wconf 94' lang='lat' dir='ltr'><strong>ad</strong></span> <span class='ocrx_word' id='word_1_220' title='bbox 444 3151 530 3192; x_wconf 91' lang='lat' dir='ltr'><strong>usum</strong></span> <span class='ocrx_word' id='word_1_221' title='bbox 547 3135 721 3210; x_wconf 82' lang='lat' dir='ltr'><strong>conjunctivi</strong></span> <span class='ocrx_word' id='word_1_222' title='bbox 740 3134 819 3210; x_wconf 91' lang='lat' dir='ltr'><strong>apud</strong></span> <span class='ocrx_word' id='word_1_223' title='bbox 837 3134 991 3212; x_wconf 91' lang='lat' dir='ltr'><strong>Vellejum,</strong></span> <span class='ocrx_word' id='word_1_224' title='bbox 1014 3135 1138 3210; x_wconf 91' lang='lat' dir='ltr'><strong>primum</strong></span> <span class='ocrx_word' id='word_1_225' title='bbox 1162 3139 1207 3192; x_wconf 90' lang='lat' dir='ltr'><strong>est</strong></span> <span class='ocrx_word' id='word_1_226' title='bbox 1229 3151 1310 3192; x_wconf 91' lang='lat' dir='ltr'><strong>com·</strong></span> 
     </span>
     <span class='ocr_line' id='line_1_26' title="bbox 59 3235 1346 3313; baseline 0.002 -23"><span class='ocrx_word' id='word_1_227' title='bbox 59 3235 288 3294; x_wconf 88' lang='lat' dir='ltr'><strong>memorandum</strong></span> <span class='ocrx_word' id='word_1_228' title='bbox 306 3237 401 3294; x_wconf 91' lang='lat' dir='ltr'><strong>solum</strong></span> <span class='ocrx_word' id='word_1_229' title='bbox 419 3237 635 3313; x_wconf 91' lang='lat' dir='ltr'><strong>conjunctivum</strong></span> <span class='ocrx_word' id='word_1_230' title='bbox 653 3253 713 3294; x_wconf 90' lang='lat' dir='ltr'><strong>non</strong></span> <span class='ocrx_word' id='word_1_231' title='bbox 727 3255 888 3312; x_wconf 89' lang='lat' dir='ltr'><strong>numquam</strong></span> <span class='ocrx_word' id='word_1_232' title='bbox 906 3237 1032 3312; x_wconf 92' lang='lat' dir='ltr'><strong>positum</strong></span> <span class='ocrx_word' id='word_1_233' title='bbox 1052 3253 1115 3294; x_wconf 89' lang='lat' dir='ltr'><strong>esse</strong></span> <span class='ocrx_word' id='word_1_234' title='bbox 1128 3253 1182 3312; x_wconf 91' lang='lat' dir='ltr'><strong>pro</strong></span> <span class='ocrx_word' id='word_1_235' title='bbox 1196 3241 1228 3292; x_wconf 84' lang='lat' dir='ltr'><strong>ut</strong></span> <span class='ocrx_word' id='word_1_236' title='bbox 1243 3252 1310 3310; x_wconf 90' lang='lat' dir='ltr'><strong>par·</strong></span> <span class='ocrx_word' id='word_1_237' title='bbox 1344 3250 1346 3259; x_wconf 61' lang='lat'><strong>⁴</strong></span> 
     </span>
     <span class='ocr_line' id='line_1_27' title="bbox 60 3334 1310 3415; baseline 0.006 -24"><span class='ocrx_word' id='word_1_238' title='bbox 60 3334 151 3396; x_wconf 91' lang='lat' dir='ltr'><strong>ticula</strong></span> <span class='ocrx_word' id='word_1_239' title='bbox 174 3347 314 3413; x_wconf 89' lang='lat' dir='ltr'><strong>sequente</strong></span> <span class='ocrx_word' id='word_1_240' title='bbox 336 3339 532 3415; x_wconf 88' lang='lat' dir='ltr'><strong>conjunctivo,</strong></span> <span class='ocrx_word' id='word_1_241' title='bbox 555 3340 635 3398; x_wconf 89' lang='lat' dir='ltr'><strong>velut</strong></span> <span class='ocrx_word' id='word_1_242' title='bbox 655 3349 734 3414; x_wconf 88' lang='lat' dir='ltr'><strong>post:</strong></span> <span class='ocrx_word' id='word_1_243' title='bbox 758 3339 930 3398; x_wconf 90' lang='lat' dir='ltr'><strong>denuntiare</strong></span> <span class='ocrx_word' id='word_1_244' title='bbox 952 3357 980 3410; x_wconf 91' lang='lat'><strong>2,</strong></span> <span class='ocrx_word' id='word_1_245' title='bbox 1004 3339 1056 3410; x_wconf 89' lang='lat'><strong>80,</strong></span> <span class='ocrx_word' id='word_1_246' title='bbox 1076 3356 1091 3397; x_wconf 96' lang='lat'>2</span> <span class='ocrx_word' id='word_1_247' title='bbox 1109 3339 1191 3414; x_wconf 89' lang='lat' dir='ltr'><strong>(Plin.</strong></span> <span class='ocrx_word' id='word_1_248' title='bbox 1211 3357 1257 3414; x_wconf 90' lang='lat' dir='ltr'><strong>ep.</strong></span> <span class='ocrx_word' id='word_1_249' title='bbox 1281 3335 1310 3408; x_wconf 82' lang='lat'><strong>6,</strong></span> 
     </span>
     <span class='ocr_line' id='line_1_28' title="bbox 61 3437 1310 3516; baseline 0.004 -24"><span class='ocrx_word' id='word_1_250' title='bbox 61 3451 103 3509; x_wconf 86' lang='grc'><strong>31,</strong></span> <span class='ocrx_word' id='word_1_251' title='bbox 129 3437 183 3509; x_wconf 84' lang='grc'><strong>12);</strong></span> <span class='ocrx_word' id='word_1_252' title='bbox 207 3440 304 3514; x_wconf 84' lang='lat' dir='ltr'><strong>legem</strong></span> <span class='ocrx_word' id='word_1_253' title='bbox 327 3439 402 3499; x_wconf 86' lang='lat' dir='ltr'><strong>ferre</strong></span> <span class='ocrx_word' id='word_1_254' title='bbox 423 3457 447 3511; x_wconf 91' lang='lat'><strong>2,</strong></span> <span class='ocrx_word' id='word_1_255' title='bbox 471 3456 516 3515; x_wconf 86' lang='lat'><strong>45,</strong></span> <span class='ocrx_word' id='word_1_256' title='bbox 541 3456 568 3509; x_wconf 78' lang='lat'><strong>13</strong></span> <span class='ocrx_word' id='word_1_257' title='bbox 591 3448 689 3516; x_wconf 90' lang='lat' dir='ltr'><strong>petere</strong></span> <span class='ocrx_word' id='word_1_258' title='bbox 707 3457 731 3512; x_wconf 90' lang='grc'><strong>2,</strong></span> <span class='ocrx_word' id='word_1_259' title='bbox 753 3455 813 3516; x_wconf 88' lang='lat'>107,</span> <span class='ocrx_word' id='word_1_260' title='bbox 835 3458 857 3499; x_wconf 91' lang='lat'><strong>1.</strong></span> <span class='ocrx_word' id='word_1_261' title='bbox 893 3440 938 3500; x_wconf 88' lang='lat' dir='ltr'><strong>Cf.</strong></span> <span class='ocrx_word' id='word_1_262' title='bbox 962 3440 1079 3501; x_wconf 89' lang='lat' dir='ltr'><strong>Kuehn.</strong></span> <span class='ocrx_word' id='word_1_263' title='bbox 1098 3441 1210 3500; x_wconf 91' lang='lat' dir='ltr'><strong>Livian.</strong></span> <span class='ocrx_word' id='word_1_264' title='bbox 1228 3439 1310 3515; x_wconf 90' lang='lat' dir='ltr'><strong>Synt.</strong></span> 
     </span>
     <span class='ocr_line' id='line_1_29' title="bbox 61 3555 172 3614; baseline 0.009 -17"><span class='ocrx_word' id='word_1_265' title='bbox 61 3555 89 3612; x_wconf 91' lang='lat' dir='ltr'><strong>p.</strong></span> <span class='ocrx_word' id='word_1_266' title='bbox 111 3555 172 3614; x_wconf 88' lang='lat'>227.</span> 
     </span>
    </p>

    <p class='ocr_par' dir='ltr' id='par_1_12' title="bbox 64 3642 1310 4029">
     <span class='ocr_line' id='line_1_30' title="bbox 150 3642 1310 3721; baseline -0.002 -20"><span class='ocrx_word' id='word_1_267' title='bbox 150 3642 232 3701; x_wconf 89' lang='lat' dir='ltr'><strong>Raro</strong></span> <span class='ocrx_word' id='word_1_268' title='bbox 253 3644 297 3711; x_wconf 90' lang='lat' dir='ltr'><strong>fit,</strong></span> <span class='ocrx_word' id='word_1_269' title='bbox 320 3651 352 3702; x_wconf 93' lang='lat' dir='ltr'><strong>ut</strong></span> <span class='ocrx_word' id='word_1_270' title='bbox 373 3644 572 3721; x_wconf 87' lang='lat' dir='ltr'><strong>conjunctivus</strong></span> <span class='ocrx_word' id='word_1_271' title='bbox 594 3643 714 3720; x_wconf 90' lang='lat' dir='ltr'><strong>perfecti</strong></span> <span class='ocrx_word' id='word_1_272' title='bbox 736 3644 889 3703; x_wconf 86' lang='lat' dir='ltr'><strong>verborum</strong></span> <span class='ocrx_word' id='word_1_273' title='bbox 912 3644 1121 3721; x_wconf 90' lang='lat' dir='ltr'><strong>deponentium</strong></span> <span class='ocrx_word' id='word_1_274' title='bbox 1147 3650 1310 3719; x_wconf 89' lang='lat' dir='ltr'><strong>usurpetur,</strong></span> 
     </span>
     <span class='ocr_line' id='line_1_31' title="bbox 64 3741 1309 3823; baseline 0.001 -23"><span class='ocrx_word' id='word_1_275' title='bbox 64 3743 87 3800; x_wconf 88' lang='lat' dir='ltr'><strong>si</strong></span> <span class='ocrx_word' id='word_1_276' title='bbox 109 3745 140 3803; x_wconf 91' lang='lat' dir='ltr'><strong>in</strong></span> <span class='ocrx_word' id='word_1_277' title='bbox 163 3745 273 3804; x_wconf 87' lang='lat' dir='ltr'><strong>incerto</strong></span> <span class='ocrx_word' id='word_1_278' title='bbox 295 3745 477 3822; x_wconf 87' lang='lat' dir='ltr'><strong>relinquitur,</strong></span> <span class='ocrx_word' id='word_1_279' title='bbox 505 3744 574 3822; x_wconf 90' lang='lat' dir='ltr'><strong>quid</strong></span> <span class='ocrx_word' id='word_1_280' title='bbox 601 3747 723 3823; x_wconf 90' lang='lat' dir='ltr'><strong>scriptor</strong></span> <span class='ocrx_word' id='word_1_281' title='bbox 749 3747 840 3806; x_wconf 88' lang='lat' dir='ltr'><strong>dere</strong></span> <span class='ocrx_word' id='word_1_282' title='bbox 866 3747 1014 3806; x_wconf 87' lang='lat' dir='ltr'><strong>narranda</strong></span> <span class='ocrx_word' id='word_1_283' title='bbox 1041 3746 1159 3816; x_wconf 89' lang='lat' dir='ltr'><strong>sentiat,</strong></span> <span class='ocrx_word' id='word_1_284' title='bbox 1185 3741 1309 3812; x_wconf 78' lang='lat' dir='ltr'><strong>veluti,</strong></span> 
     </span>
     <span class='ocr_line' id='line_1_32' title="bbox 67 3833 1310 3924; baseline 0.002 -23"><span class='ocrx_word' id='word_1_285' title='bbox 67 3835 110 3915; x_wconf 81' lang='lat'><strong>18&#39;,</strong></span> <span class='ocrx_word' id='word_1_286' title='bbox 135 3863 164 3905; x_wconf 91' lang='lat'><strong>2:</strong></span> <span class='ocrx_word' id='word_1_287' title='bbox 193 3865 288 3923; x_wconf 87' lang='lat' dir='ltr'><strong>neque</strong></span> <span class='ocrx_word' id='word_1_288' title='bbox 311 3839 368 3924; x_wconf 71' lang='lat' dir='ltr'><strong>e&#39;go</strong></span> <span class='ocrx_word' id='word_1_289' title='bbox 390 3849 446 3906; x_wconf 92' lang='lat' dir='ltr'><strong>hoc</strong></span> <span class='ocrx_word' id='word_1_290' title='bbox 472 3850 567 3924; x_wconf 83' lang='lat' dir='ltr'><strong>magis</strong></span> <span class='ocrx_word' id='word_1_291' title='bbox 594 3833 715 3909; x_wconf 83' lang='lat' dir='ltr'><strong>miratus</strong></span> <span class='ocrx_word' id='word_1_292' title='bbox 743 3850 805 3909; x_wconf 85' lang='lat' dir='ltr'><strong>sim.</strong></span> <span class='ocrx_word' id='word_1_293' title='bbox 849 3833 916 3908; x_wconf 92' lang='lat' dir='ltr'><strong>Vid.</strong></span> <span class='ocrx_word' id='word_1_294' title='bbox 940 3848 1039 3908; x_wconf 87' lang='lat' dir='ltr'><strong>Madv.</strong></span> <span class='ocrx_word' id='word_1_295' title='bbox 1063 3849 1099 3906; x_wconf 89' lang='lat' dir='ltr'><strong>de</strong></span> <span class='ocrx_word' id='word_1_296' title='bbox 1119 3848 1205 3912; x_wconf 86' lang='lat' dir='ltr'><strong>form.</strong></span> <span class='ocrx_word' id='word_1_297' title='bbox 1228 3863 1310 3923; x_wconf 91' lang='lat' dir='ltr'><strong>quar.</strong></span> 
     </span>
     <span class='ocr_line' id='line_1_33' title="bbox 65 3942 687 4029; baseline 0.016 -29"><span class='ocrx_word' id='word_1_298' title='bbox 65 3942 143 4006; x_wconf 83' lang='lat' dir='ltr'><strong>verbi</strong></span> <span class='ocrx_word' id='word_1_299' title='bbox 166 3949 264 4008; x_wconf 87' lang='lat' dir='ltr'><strong>Latini</strong></span> <span class='ocrx_word' id='word_1_300' title='bbox 287 3957 392 4008; x_wconf 89' lang='lat' dir='ltr'><strong>natura</strong></span> <span class='ocrx_word' id='word_1_301' title='bbox 414 3961 444 4009; x_wconf 90' lang='lat' dir='ltr'><strong>et</strong></span> <span class='ocrx_word' id='word_1_302' title='bbox 466 3970 519 4010; x_wconf 90' lang='lat' dir='ltr'><strong>usu</strong></span> <span class='ocrx_word' id='word_1_303' title='bbox 542 3968 566 4009; x_wconf 95' lang='lat'><strong>2.</strong></span> <span class='ocrx_word' id='word_1_304' title='bbox 590 3971 619 4029; x_wconf 92' lang='lat' dir='ltr'><strong>p.</strong></span> <span class='ocrx_word' id='word_1_305' title='bbox 642 3968 687 4026; x_wconf 89' lang='lat'><strong>24.</strong></span> 
     </span>
    </p>

    <p class='ocr_par' dir='ltr' id='par_1_13' title="bbox 68 4049 1313 4546">
     <span class='ocr_line' id='line_1_34' title="bbox 155 4049 1312 4130; baseline -0.003 -22"><span class='ocrx_word' id='word_1_306' title='bbox 155 4049 358 4127; x_wconf 81' lang='lat' dir='ltr'><strong>Conjunctr&#39;vus</strong></span> <span class='ocrx_word' id='word_1_307' title='bbox 378 4054 508 4130; x_wconf 76' lang='lat' dir='ltr'><strong>perfecti</strong></span> <span class='ocrx_word' id='word_1_308' title='bbox 526 4071 593 4112; x_wconf 90' lang='lat' dir='ltr'><strong>cum</strong></span> <span class='ocrx_word' id='word_1_309' title='bbox 618 4052 791 4129; x_wconf 85' lang='lat' dir='ltr'><strong>imperfecto</strong></span> <span class='ocrx_word' id='word_1_310' title='bbox 814 4054 984 4130; x_wconf 89' lang='lat' dir='ltr'><strong>conjunctus</strong></span> <span class='ocrx_word' id='word_1_311' title='bbox 999 4051 1107 4111; x_wconf 86' lang='lat' dir='ltr'><strong>exstat</strong></span> <span class='ocrx_word' id='word_1_312' title='bbox 1129 4069 1151 4119; x_wconf 92' lang='lat' dir='ltr'><strong>r,</strong></span> <span class='ocrx_word' id='word_1_313' title='bbox 1175 4068 1201 4126; x_wconf 89' lang='lat' dir='ltr'><strong>q,</strong></span> <span class='ocrx_word' id='word_1_314' title='bbox 1227 4066 1252 4106; x_wconf 92' lang='lat'><strong>1:</strong></span> <span class='ocrx_word' id='word_1_315' title='bbox 1280 4057 1312 4106; x_wconf 90' lang='lat' dir='ltr'><strong>ut</strong></span> 
     </span>
     <span class='ocr_line' id='line_1_35' title="bbox 68 4147 1311 4232; baseline 0.002 -25"><span class='ocrx_word' id='word_1_316' title='bbox 68 4147 239 4228; x_wconf 90' lang='lat' dir='ltr'><strong>plerumque</strong></span> <span class='ocrx_word' id='word_1_317' title='bbox 269 4155 400 4230; x_wconf 89' lang='lat' dir='ltr'><strong>superior</strong></span> <span class='ocrx_word' id='word_1_318' title='bbox 427 4154 512 4214; x_wconf 85' lang='lat' dir='ltr'><strong>fuerit</strong></span> <span class='ocrx_word' id='word_1_319' title='bbox 542 4173 743 4232; x_wconf 86' lang='lat' dir='ltr'><strong>magnamque</strong></span> <span class='ocrx_word' id='word_1_320' title='bbox 769 4163 882 4231; x_wconf 88' lang='lat' dir='ltr'><strong>partem</strong></span> <span class='ocrx_word' id='word_1_321' title='bbox 909 4154 1054 4213; x_wconf 87' lang='lat' dir='ltr'><strong>Graeciae</strong></span> <span class='ocrx_word' id='word_1_322' title='bbox 1083 4153 1113 4211; x_wconf 91' lang='lat' dir='ltr'><strong>in</strong></span> <span class='ocrx_word' id='word_1_323' title='bbox 1140 4154 1311 4212; x_wconf 89' lang='lat' dir='ltr'><strong>societatem</strong></span> 
     </span>
     <span class='ocr_line' id='line_1_36' title="bbox 70 4254 1312 4332; baseline 0.003 -25"><span class='ocrx_word' id='word_1_324' title='bbox 70 4267 153 4310; x_wconf 88' lang='lat' dir='ltr'><strong>suam</strong></span> <span class='ocrx_word' id='word_1_325' title='bbox 175 4254 354 4329; x_wconf 79' lang='lat' dir='ltr'><strong>perduceret.</strong></span> <span class='ocrx_word' id='word_1_326' title='bbox 398 4254 509 4314; x_wconf 86' lang='lat' dir='ltr'><strong>Kritzio</strong></span> <span class='ocrx_word' id='word_1_327' title='bbox 537 4256 573 4316; x_wconf 91' lang='lat' dir='ltr'><strong>de</strong></span> <span class='ocrx_word' id='word_1_328' title='bbox 596 4257 651 4316; x_wconf 94' lang='lat' dir='ltr'><strong>hoc</strong></span> <span class='ocrx_word' id='word_1_329' title='bbox 673 4275 727 4316; x_wconf 92' lang='lat' dir='ltr'><strong>usu</strong></span> <span class='ocrx_word' id='word_1_330' title='bbox 756 4257 915 4332; x_wconf 89' lang='lat' dir='ltr'><strong>disputanti</strong></span> <span class='ocrx_word' id='word_1_331' title='bbox 942 4257 1096 4315; x_wconf 87' lang='lat' dir='ltr'><strong>discrimen</strong></span> <span class='ocrx_word' id='word_1_332' title='bbox 1117 4256 1177 4315; x_wconf 89' lang='lat' dir='ltr'><strong>tale</strong></span> <span class='ocrx_word' id='word_1_333' title='bbox 1199 4254 1312 4313; x_wconf 89' lang='lat' dir='ltr'><strong>videtur</strong></span> 
     </span>
     <span class='ocr_line' id='line_1_37' title="bbox 70 4355 1313 4437; baseline 0.002 -26"><span class='ocrx_word' id='word_1_334' title='bbox 70 4369 146 4425; x_wconf 86' lang='lat' dir='ltr'><strong>esse,</strong></span> <span class='ocrx_word' id='word_1_335' title='bbox 169 4365 201 4414; x_wconf 90' lang='lat' dir='ltr'><strong>ut</strong></span> <span class='ocrx_word' id='word_1_336' title='bbox 223 4355 345 4432; x_wconf 88' lang='lat' dir='ltr'><strong>perfecti</strong></span> <span class='ocrx_word' id='word_1_337' title='bbox 369 4358 569 4434; x_wconf 85' lang='lat' dir='ltr'><strong>conjunctivus</strong></span> <span class='ocrx_word' id='word_1_338' title='bbox 588 4358 697 4435; x_wconf 90' lang='lat' dir='ltr'><strong>judicio</strong></span> <span class='ocrx_word' id='word_1_339' title='bbox 720 4361 878 4437; x_wconf 90' lang='lat' dir='ltr'><strong>scriptoris,</strong></span> <span class='ocrx_word' id='word_1_340' title='bbox 905 4359 1066 4435; x_wconf 80' lang='lat' dir='ltr'><strong>imperfecti</strong></span> <span class='ocrx_word' id='word_1_341' title='bbox 1089 4357 1248 4417; x_wconf 91' lang='lat' dir='ltr'><strong>narrationi</strong></span> <span class='ocrx_word' id='word_1_342' title='bbox 1269 4358 1313 4413; x_wconf 90' lang='lat' dir='ltr'><strong>in·</strong></span> 
     </span>
     <span class='ocr_line' id='line_1_38' title="bbox 74 4458 1268 4546; baseline 0.002 -33"><span class='ocrx_word' id='word_1_343' title='bbox 74 4459 195 4546; x_wconf 62' lang='lat' dir='ltr'><strong>serviat.</strong></span> <span class='ocrx_word' id='word_1_344' title='bbox 230 4458 274 4518; x_wconf 90' lang='lat' dir='ltr'><strong>Cf.</strong></span> <span class='ocrx_word' id='word_1_345' title='bbox 298 4459 401 4518; x_wconf 88' lang='lat' dir='ltr'><strong>Haase</strong></span> <span class='ocrx_word' id='word_1_346' title='bbox 423 4459 461 4518; x_wconf 96' lang='lat' dir='ltr'><strong>ad</strong></span> <span class='ocrx_word' id='word_1_347' title='bbox 484 4459 608 4536; x_wconf 87' lang='lat' dir='ltr'><strong>Reissig.</strong></span> <span class='ocrx_word' id='word_1_348' title='bbox 633 4459 765 4519; x_wconf 90' lang='lat' dir='ltr'><strong>Gramm.</strong></span> <span class='ocrx_word' id='word_1_349' title='bbox 790 4459 893 4537; x_wconf 72' lang='lat' dir='ltr'><strong>Lat.§</strong></span> <span class='ocrx_word' id='word_1_350' title='bbox 918 4478 970 4536; x_wconf 84' lang='lat'><strong>314</strong></span> <span class='ocrx_word' id='word_1_351' title='bbox 988 4469 1047 4521; x_wconf 85' lang='lat' dir='ltr'><strong>not.</strong></span> <span class='ocrx_word' id='word_1_352' title='bbox 1070 4459 1130 4533; x_wconf 86' lang='lat'><strong>480</strong></span> <span class='ocrx_word' id='word_1_353' title='bbox 1152 4477 1181 4534; x_wconf 89' lang='lat' dir='ltr'><strong>p.</strong></span> <span class='ocrx_word' id='word_1_354' title='bbox 1203 4475 1268 4535; x_wconf 86' lang='grc'><strong>330.</strong></span> 
     </span>
    </p>
   </div>
   <div class='ocr_carea' id='block_1_7' title="bbox 0 0 1593 5118">
    <p class='ocr_par' dir='ltr' id='par_1_14' title="bbox 0 0 1593 5118">
     <span class='ocr_line' id='line_1_39' title="bbox 0 0 1593 5118; baseline 0 0"><span class='ocrx_word' id='word_1_355' title='bbox 0 0 1593 5118; x_wconf 95' lang='lat' dir='ltr'><strong> </strong></span> 
     </span>
    </p>
   </div>
  </div>
 </body>
</html>
