3086 5118
329 475 405 535 Pace
431 473 502 550 alcjs
529 470 649 530 dixerim
675 466 722 546 (cf.
744 469 869 545 Zumptii
892 467 1026 527 Gramm.
1049 466 1114 526 Lat.
1139 463 1158 542 ξ
1180 463 1253 543 527),
1282 484 1357 543 quae
1383 465 1503 525 locutio

243 578 359 656 Vellej0
381 577 410 636 iu
428 575 536 635 deliciis
558 580 610 643 est,
633 569 670 629 cl.
696 587 716 640 1,
740 584 773 648 7„
788 586 820 644 4;
845 587 866 640 2,
891 583 930 644 27,
953 584 985 644 3;
1008 585 1033 640 2,
1058 585 1117 660 229,
1140 584 1168 643 3.
1526 546 1527 568 ’

329 678 451 738 Penates
472 674 667 750 metonymice
690 672 793 731 dicitur
814 689 868 748 pro
890 671 1115 746 222121222274,
1138 687 1171 744 42
1194 672 1325 749 subjecto
1346 670 1437 730 rebus
1460 687 1502 727 ac

244 781 400 860 penatibus
423 779 493 853 igni.
538 775 583 835 Cf.
607 774 667 834 Cic.
690 792 743 851 pro
765 774 853 834 Rosc.
875 775 975 832 Amer.
997 771 1023 843 8,
1047 771 1094 849 23;
1113 772 1184 844 Liv.,
1203 772 1292 843 Curt„
1310 771 1385 831 Tac.

332 883 387 941 Ex
403 877 529 957 perseia
553 895 578 948 1,
602 894 633 955 3,
655 893 671 936 2
694 886 723 937 et
744 893 774 951 32
798 876 858 936 Cic.
881 875 918 935 de
940 877 996 935 inv.
1021 894 1047 946 2,
1070 892 1116 952 52,
1140 893 1191 953 99;
1220 875 1296 936 Geli.
1320 892 1369 947 10,
1391 891 1441 946 22,
1468 891 1499 944 1;

247 985 330 1044 Lact.
358 983 426 1059 epit.
454 980 506 1056 48,
533 995 548 1055 7
572 1011 612 1024 -
639 980 690 1038 sub
716 990 842 1055 persona
866 995 891 1049 1,
915 995 945 1053 3,
968 993 997 1047 ²:
1028 978 1106 1038 Suet.
1136 979 1224 1038 Dom.
1258 994 1307 1048 ro:
1339 977 1416 1037 Gell.
1449 993 1500 1047 ιο,

246 1101 292 1156 22,
315 1101 365 1158 24;
390 1101 433 1160 23,
456 1099 491 1158 23
513 1079 572 1158 (22),
598 1098 634 1158 22.
674 1080 719 1141 Cf.
742 1080 999 1156 Krebs·Allgayer‚
1024 1080 1173 1140 Antibar'b.
1195 1081 1241 1141 ed.
1266 1081 1301 1138 V.
1325 1099 1353 1157 p.
1376 1079 1440 1156 855.

275 1207 281 1218 ·
332 1187 444 1246 Plaster
465 1203 533 1245 eum
557 1183 712 1259 significat,
735 1183 785 1258 qui
811 1180 948 1240 vasavel
972 1190 1084 1241 statuas
1107 1183 1201 1242 aliave
1223 1199 1313 1259 opera
1334 1200 1371 1240 ex
1389 1181 1502 1256 argilla
1529 1233 1530 1242 ,

245 1299 275 1350 et
296 1307 391 1366 gypso
413 1288 495 1363 fingit
519 1303 540 1356 2,
565 1300 604 1361 17,
626 1301 659 1358 4:
681 1284 738 1342 boc
758 1283 838 1342 idem
859 1283 990 1343 evenisse
1012 1285 1221 1368 grammaticis,
1243 1285 1354 1362 plastis,
1376 1284 1500 1360 pictori·

246 1393 309 1462 bus,
331 1388 523 1466 scalptoribus
545 1384 627 1462 (Vitr.
652 1403 720 1456 1‚11,
745 1400 789 1459 23;
813 1381 885 1443 Plin.
908 1385 987 1462 maj„
1011 1381 1139 1463 poster).
1211 1452 1215 1461 Ι
1530 1436 1531 1478 7

322 1491 468 1550 Ι1122222222
489 1488 593 1566 plurali
619 1505 689 1546 casu
711 1505 799 1546 sensu
820 1495 958 1546 concreto
984 1505 1038 1563 pro
1059 1488 1117 1546 loco
1143 1494 1257 1558 remote,
1281 1489 1390 1547 latebra
1411 1488 1503 1563 poni·

246 1604 293 1655 tur
314 1611 343 1664 2,
367 1608 414 1668 32,
437 1608 469 1664 42
498 1589 643 1666 descripto
664 1590 694 1648 in
717 1589 812 1648 omnis
838 1602 971 1648 recessus
993 1591 1082 1648 maris
1109 1590 1254 1666 praesidio
1276 1588 1341 1666 (Ov.
1364 1591 1501 1665 saepius;
1531 1663 1532 1666 7

141 1729 144 1736 .
246 1693 310 1756 Liv.
333 1695 382 1772 38,
404 1709 454 1769 45,
478 1687 517 1770 9).
552 1691 713 1767 Singularis
735 1709 874 1750 numerus
896 1691 980 1769 hujus
1001 1692 1080 1751 vocis
1101 1699 1197 1751 exstat
1218 1693 1298 1768 apud
1320 1692 1499 1753 Ciceronem

246 1796 296 1878 (ad
317 1798 376 1858 Att.
401 1813 439 1868 22,
462 1793 498 1854 26
521 1791 540 1870 ἓ
562 1809 587 1863 2,
610 1793 724 1868 corrige
745 1787 914 1870 Klotzium),
936 1791 1059 1858 Livium,
1083 1794 1165 1852 alios.

331 1900 473 1977 Regimen
495 1904 568 1956 teste
590 1895 678 1954 Festo
700 1913 729 1970 p.
751 1893 804 1969 278
825 1892 871 1970 (6),
899 1911 916 1969 3
938 1895 985 1953 ed.
1011 1895 1137 1954 Mueller
1158 1914 1211 1972 pro
1233 1898 1386 1972 regimento
1402 1913 1499 1954 usur·
1532 1913 1533 1918 ¹

246 2012 332 2082 patur
353 2020 373 2061 a
394 2001 497 2078 poetis.
541 1996 687 2058 Concreto
714 2014 802 2055 sensu
824 1996 914 2055 semel
938 1995 1016 2073 apud
1040 1994 1177 2055 Ovidium
1199 1994 1276 2072 (met
1300 2013 1330 2072 3,
1353 1992 1418 2072 593)
1441 2014 1500 2071 pro

142 2099 144 2106 ’
241 2105 437 2182 gubernaculo
460 2103 542 2161 navis
564 2109 675 2177 exstat.¹
714 2100 831 2159 Solutae
854 2101 1003 2159 orationis¹
1016 2101 1189 2176 scriptorum
1212 2100 1321 2176 primus
1344 2098 1501 2173 usurpavit
1533 2102 1534 2116 ¹

245 2209 371 2283 regetnen
394 2205 492 2263 Livius
513 2201 550 2278 (3,
572 2219 617 2277 33,
639 2217 669 2277 72
692 2219 720 2275 4,
744 2219 785 2277 32,
809 2201 843 2278 5),
867 2202 972 2261 deinde
990 2201 1118 2278 Vellejus
1142 2218 1166 2272 2,
1189 2200 1234 2277 85,
1256 2217 1287 2260 22
1309 2200 1409 2259 classis
1432 2200 1499 2258 An-

244 2309 306 2367 toni
328 2307 460 2381 regimen
482 2304 651 2363 Publicolae
667 2303 810 2380 Sosioque
831 2303 1021 2362 commissum
1041 2300 1119 2379 (Val.
1137 2302 1228 2373 Max„
1251 2302 1334 2373 Tac,
1352 2301 1390 2360 cf.
1407 2302 1502 2360 Boet·
1534 2326 1535 2348 r

235 2408 313 2468 rich.
336 2408 419 2467 lexic.
442 2425 470 2484 p.
494 2401 572 2481 405).
1321 2419 1324 2424 ·

330 2508 478 2567 Romanae
505 2507 572 2566 sem.
595 2507 668 2583 plur.
692 2507 783 2592 subst.
806 2507 882 2566 Vell.
905 2523 934 2578 2,
958 2522 1004 2584 75,
1030 2524 1061 2583 3;
1090 2508 1194 2584 singul.
1222 2508 1503 2580 19222221192222222ι
1535 2548 1536 2570 2

246 2609 472 2684 ffirm4

330 2714 534 2773 Rude'enentum
552 2711 678 2788 primum
696 2711 870 2788 principium
893 2711 1044 2787 cujuslibet
1062 2713 1132 2771 artis
1151 2713 1195 2770 vel
1215 2712 1384 2789 disciplinae
1406 2713 1502 2788 signi·

245 2817 313 2874 licat
335 2830 360 2883 2,
386 2829 443 2888 229,
467 2830 496 2872 22
524 2811 737 2871 Germanicum
759 2813 904 2870 imbutum
926 2812 1097 2872 rudimentis
1119 2814 1239 2873 militiae
1262 2814 1371 2889 recepit
1392 2813 1500 2889 (Poen,

244 2916 315 2988 Liv„
334 2913 465 2992 poster).
757 2925 759 2928 '

333 3015 508 3093 Simplicitas
536 3016 742 3091 praeeuntibus
770 3014 876 3074 Ovidio
903 3024 932 3075 et
953 3014 1037 3074 Livio
1063 3033 1118 3074 vox
1144 3017 1331 3077 usitatissima
1357 3025 1401 3077 est
1426 3019 1503 3077 inde

250 3139 268 3179 a
292 3119 406 3197 Vellejo
433 3116 574 3178 translata
598 3117 810 3192 significatione
831 3136 885 3194 pro
908 3119 1060 3192 4122121212,
1088 3121 1203 3178 22221212
1225 3121 1320 3196 posita
1342 3134 1369 3190 2,
1394 3136 1442 3190 ro,
1467 3137 1501 3178 22

248 3219 449 3279 nobilissimae
467 3218 672 3295 simplicitatis;
695 3233 724 3288 2,
748 3235 802 3293 43,
825 3235 858 3291 4:
881 3219 1011 3279 humana
1033 3219 1214 3295 simplicitas;
1237 3237 1265 3291 2,
1289 3235 1335 3296 72,
1358 3209 1503 3297 32220121-

181 3349 183 3352 ·
247 3321 375 3382 lissimae
397 3320 602 3397 simplicitatis3
629 3334 658 3390 2,
689 3335 749 3396 125,
772 3335 802 3396 52
831 3321 1019 3396 simplicitatis
1046 3322 1289 3396 generosissimae
1314 3320 1391 3396 (Val.
1413 3323 1502 3382 Max.

246 3439 271 3493 2,
294 3437 320 3498 5,
343 3438 372 3499 5;
396 3420 521 3499 poster).

338 3523 594 3601 Temperaenentum
617 3542 671 3600 pro
692 3526 888 3600 temperatione
910 3524 989 3601 apud
1007 3527 1133 3602 optimos
1156 3529 1309 3605 scriptores
1331 3527 1422 3585 rarius
1444 3547 1503 3603 po·

248 3627 325 3684 nitur
346 3623 391 3700 (cf.
415 3625 476 3698 Cic.
498 3624 534 3684 de
560 3625 638 3700 legg.
662 3641 689 3702 3,
714 3641 758 3695 2ο,
781 3625 834 3701 24),
858 3645 876 3685 2
897 3629 1105 3702 posterioribus
1129 3629 1334 3704 frequentatur.
1371 3628 1448 3686 Vell.
1473 3646 1503 3700 2,

251 3743 316 3801 230,
342 3743 367 3784 22
400 3741 490 3802 quam
517 3727 674 3802 magnifico
695 3729 786 3785 animi
813 3737 1047 3805 temperamento
1068 3730 1200 3806 Pompeji
1225 3747 1349 3788 munera
1374 3730 1504 3789 instituit

247 3827 329 3903 (Col.,
353 3829 425 3889 Plin.
447 3830 529 3908 maja
548 3830 631 3899 Tac,
655 3825 748 3906 Just).

338 3932 495 4007 tempestas
520 3939 674 4007 poetarum
701 3949 783 3990 more
804 3948 857 4008 pro
883 3938 1015 4007 tempore,
1043 3940 1074 3990 ut
1101 3933 1271 4008 saepissime
1297 3935 1375 4010 apud
1402 3933 1500 3994 Sallu·

249 4035 337 4094 stium
360 4041 390 4094 et
410 4033 533 4104 Livium,
557 4039 652 4094 exstat
676 4050 697 4104 1,
720 4048 745 4103 2,
768 4049 799 4107 3;
829 4050 850 4103 2,
873 4031 899 4102 8,
924 4032 955 4103 t›;
978 4049 1002 4104 2,
1026 4033 1072 4108 78,
1096 4051 1121 4108 3.
1158 4033 1205 4093 Cf.
1228 4035 1497 4112 Krebs·Allgayer‚

250 4137 404 4196 Antibarb.
428 4135 473 4196 ed.
496 4136 534 4194 V.
553 4155 581 4213 p.
604 4151 678 4210 2229.

338 4238 451 4298 titulus
472 4238 619 4297 translate.
632 4253 685 4312 pro
702 4242 865 4311 praetextu,
888 4240 975 4310 specie
997 4245 1152 4314 usurpatur
1169 4255 1193 4307 2,
1213 4254 1258 4315 45,
1281 4256 1314 4313 42
1337 4241 1390 4299 sub
1413 4240 1500 4299 titulo

249 4341 389 4401 ministeri
414 4340 456 4398 M.
481 4338 625 4399 Catonem
648 4356 666 4396 a
688 4338 837 4414 republica
864 4339 1004 4414 relegavit
1027 4337 1106 4418 (Ovs,
1130 4343 1231 4418 Verg„
1254 4343 1314 4400 Liv.
1336 4359 1366 4416 3,
1386 4341 1434 4417 67,
1459 4341 1496 4418 9).
1531 4333 1536 4350 ‘

338 4443 426 4516 Ultio,
459 4461 517 4519 qua
548 4459 619 4501 voce
645 4441 742 4500 Livius
772 4442 881 4516 primus
908 4442 1020 4502 videtur
1046 4462 1114 4503 usus
1141 4462 1217 4514 esse,
1245 4462 1263 4502 a
1290 4445 1498 4519 posterioribus
