3086 5118
78 1289 156 1390 ns
186 1244 631 1392 Etocvrrouuv.
661 1291 895 1424 verrin
926 1293 1265 1401 PATERCULI.

613 1525 738 1564 SCRIPSIT

455 1652 662 1713 erenricus
685 1651 885 1730 seorsus.
1049 1699 1052 1706 .

129 1955 176 2014 Ad
198 1958 392 2017 elocutionem
415 1957 457 2016 M.
481 1958 585 2036 Velleji
605 1957 752 2016 Paterculi
774 1957 797 2016 si
820 1958 952 2017 animum
974 1958 1165 2029 attendimus,
1188 1961 1299 2020 inveni-

40 2044 108 2116 mus
126 2057 164 2116 de
181 2076 218 2117 ea
231 2059 270 2118 ab
284 2059 347 2118 aliis
366 2059 449 2118 aliter
464 2059 626 2136 judicatum
645 2077 719 2126 esse.
746 2059 926 2125 Exstiterunt
945 2061 1023 2118 enirn
1042 2078 1102 2118 non
1120 2061 1216 2120 solum
1236 2063 1297 2140 ejus

39 2158 222 2230 laudatores,
254 2159 307 2220 sed
334 2161 423 2219 etiarn
449 2160 596 2230 nonnulli,
627 2161 677 2236 qui
704 2178 770 2219 eam
797 2161 984 2220 vehementer
1010 2161 1216 2236 vituperarent.
1261 2163 1297 2222 In

39 2277 165 2318 numero
191 2269 289 2320 autern
315 2263 541 2338 vituperantium
567 2262 702 2338 princeps
729 2261 783 2319 luit
809 2261 903 2321 Aldus
928 2261 1029 2338 Nepos
1055 2258 1104 2338 (ad
1126 2261 1228 2339 Vellej.
1257 2264 1296 2336 11,

39 2376 82 2435 52,
102 2361 139 2436 4),
161 2363 208 2420 cui
230 2365 428 2424 assentiuntur
448 2363 584 2423 Barthius
601 2362 641 2438 (in
659 2363 780 2422 Advers.
798 2364 881 2433 XVI,
900 2376 917 2438 7
939 2353 986 2422 ed.
1004 2361 1140 2422 Francos.
1162 2361 1245 2440 1648)
1267 2375 1296 2425 et

38 2461 72 2518 Ρ.
94 2461 280 2523 Burmannus
301 2462 342 2538 {in
363 2464 490 2524 Praefat.
517 2465 556 2524 ad
579 2466 647 2525 edit.
670 2461 798 2544 Vellei),
831 2465 937 2542 quibus
965 2483 1062 2524 sermo
1085 2463 1255 2542 VelleJ'anus
1277 2482 1296 2523 a
1415 2519 1419 2533 ,

37 2563 182 2623 munditia
203 2564 348 2641 Augustei
371 2568 435 2626 aevi
453 2567 609 2627 descivisse
630 2569 707 2627 visus
730 2576 783 2627 est.
818 2567 877 2626 Sed
899 2574 1076 2643 argumenta
1095 2566 1211 2625 illorum
1229 2568 1317 2626 bre·'

36 2666 110 2724 viter
140 2673 169 2724 et
195 2668 306 2744 optime
332 2669 468 2728 refutavit
488 2669 563 2728 Dav.
586 2667 779 2728 Ruhnkenius
800 2667 840 2746 (in
865 2669 1052 2739 Praefatione
1073 2687 1102 2744 p.
1125 2667 1217 2743 XX.)‚
1241 2668 1294 2726 do·

37 2767 184 2827 ctissimus
204 2768 253 2827 ille
274 2769 425 2830 latinitatis
447 2771 642 2840 existImator,
671 2770 784 2848 Vellejo
807 2775 971 2840 ,venustum
993 2776 1023 2828 et
1049 2769 1224 2845 exquisitum
1252 2768 1294 2827 lo·

36 2868 146 2944 quendi
171 2874 277 2945 genus‘
303 2873 472 2938 attribuens.
515 2873 668 2931 Summam
691 2879 791 2930 autem
812 2870 931 2930 laudem
956 2878 1075 2947 propter
1097 2868 1212 2928 dicendi
1234 2870 1292 2950 elef

37 2971 171 3044 gantiam
194 2972 309 3050 Vellejo
331 2974 551 3049 impertiverunt
573 2981 689 3050 praeter
708 2973 917 3032 Ruhnkenium
938 2971 1047 3031 Beatus
1069 2971 1232 3031 Rhenanus
1254 2969 1292 3047 (in

36 3071 221 3131 Praefatione
239 3074 285 3132 ed.
303 3072 400 3151 Frob.)
422 3075 578 3152 ,Vellejum
601 3075 672 3133 nulli
694 3075 770 3134 inter
791 3075 898 3133 latinos
925 3072 1096 3143 secundum,
1119 3080 1233 3133 castum
1256 3091 1292 3131 ac

21 3160 170 3232 'nitidum‘
201 3174 314 3246 dicens;
347 3175 417 3236 Ger.
445 3175 506 3254 Jos.
534 3177 657 3236 Vossius
683 3173 730 3250 (de
757 3174 823 3235 hist.
853 3174 933 3234 latiur
958 3174 1008 3232 lib.
1034 3175 1059 3232 I.
1085 3191 1151 3249 cap.
1178 3174 1291 3232 XXIV.

34 3293 64 3349 p.
84 3273 155 3352 120),
178 3278 227 3352 qui
245 3269 372 3337 affirmat
393 3278 551 3337 dictionem
573 3278 662 3353 plane
680 3278 850 3337 Romanam
872 3283 903 3335 et
920 3275 1087 3354 elegantem
1110 3289 1187 3359 esse3
1210 3274 1292 3333 Mar·

35 3395 87 3436 cus
109 3377 256 3437 Antonius
278 3378 413 3438 Muretus
434 3377 483 3452 (ad
506 3379 598 3439 Cicer.
621 3388 694 3438 orat.
718 3380 747 3437 in
770 3376 915 3448 Catili,
940 3375 998 3454 10),
1020 3375 1156 3444 idoneus,
1180 3374 1204 3434 si
1226 3375 1291 3451 quis

34 3480 120 3550 alius,
148 3481 233 3559 hujus
259 3481 301 3539 rei
328 3481 450 3556 arbiter,
476 3482 526 3557 qui
547 3481 703 3540 ,historiam
730 3497 750 3538 a
776 3478 890 3555 Velleio
913 3486 989 3538 terse
1014 3479 1044 3536 in
1073 3477 1174 3552 primis
1201 3483 1291 3552 atque

34 3577 187 3657 eleganter
208 3582 385 3659 explicatam
407 3599 472 3642 esse
491 3583 611 3660 judicat.

118 3681 227 3744 Nostra
245 3685 365 3743 demum
384 3692 482 3744 aetate
496 3677 535 3742 H.
550 3685 694 3760 Sauppius
712 3685 743 3742 in
760 3682 868 3743 Museo
885 3680 1086 3742 Helvetiorum
1103 3676 1201 3754 (Tom.
1221 3678 1244 3760 I,¹
1264 3693 1289 3736 2.

34 3802 63 3860 p.
75 3796 120 3858 177
134 3785 207 3862 sqq.)
215 3793 245 3845 et
258 3787 291 3844 F.
301 3785 428 3846 Kritzius
442 3788 472 3844 in
481 3785 702 3860 Prolegomenis
712 3785 751 3845 ad
761 3785 920 3844 editionem
930 3769 1117 3858 VelleJauam
1126 3777 1165 3857 (p.
1173 3778 1288 3840 XLVII

33 3880 116 3960 sqq.),
139 3887 189 3944 viri
208 3889 375 3960 doctissImi‚
398 3890 567 3965 opinionem
584 3905 697 3957 eorum,
716 3887 766 3964 qui
787 3887 934 3963 putabant
951 3883 1098 3959 Vellejum
1119 3899 1206 3940 usum
1224 3897 1289 3939 esse

33 3988 166 4046 oratione
187 3990 342 4063 praeclara
364 3997 393 4049 et
414 3991 506 4066 polita
533 3997 623 4065 atque
644 3989 774 4065 eleganti
795 4003 923 4064 eumque
950 3985 1091 4063 scriptore
1113 3982 1193 4041 nullo
1215 3980 1289 4040 inse·

32 4091 139 4148 riorem
162 4107 227 4148 esse
247 4090 381 4160 refellere
407 4093 505 4150 conati
532 4098 608 4150 sunt.
652 4090 844 4165 Quamquam
872 4096 985 4157 autem,
1013 4101 1090 4164 quae
1116 4091 1161 4142 est
1182 4080 1288 4140 mentis

32 4192 111 4249 acies
134 4199 163 4249 et
185 4192 216 4249 in
238 4191 295 4250 hac
317 4210 348 4250 re
368 4191 527 4269 judicanda
548 4192 709 4251 auctoritas
732 4191 846 4249 illorum
868 4190 1010 4258 virorum,
1032 4183 1187 4260 exemplis,
1210 4200 1288 4259 quae

33 4290 72 4349 ad
95 4292 349 4368 comprobandam
372 4295 546 4353 sententiam
567 4311 653 4352 suam
676 4293 873 4362 contulerunt,
896 4289 1045 4349 evidenter
1066 4286 1287 4345 demonstrave-

32 4401 99 4451 runt
131 4389 236 4472 Vell‘eji
263 4394 458 4454 elocutionem
486 4395 584 4454 multis
611 4395 748 4454 laborare
774 4393 861 4463 vitiis,
889 4391 990 4450 tamen
1017 4387 1139 4449 concedi
1166 4400 1286 4446 necesse

1069 4504 1080 4534 1
