3086 5118
763 263 966 324 ..18-

238 451 378 512 Maricae.
407 449 498 511 'node
520 450 603 510 lexic.
625 449 730 520 Latin,
754 449 906 527 qui'locos
928 469 966 511 ex
988 451 1099 527 scripti.
1122 468 1144 509 r.
1164 468 1196 520 r.,
1219 451 1294 510 Pliu.
1313 451 1391 527 maj,
1413 449 1505 509 Suet.

240 554 409 614 attirlerunt.

326 657 435 716 Auctus
461 655 577 732 proprie
603 653 707 713 dicitur
733 671 786 730 pro
814 656 981 714 incremento
1004 671 1033 723 2,
1057 670 1123 730 129,
1143 671 1179 729 41
1200 655 1302 729 magni
1323 653 1416 712 etiam
1440 660 1508 710 ter·

216 757 219 766 '
241 758 314 817 roris
331 758 440 816 bellum
462 755 594 815 Africum
612 763 642 813 et
663 755 811 814 cotidiano
832 765 921 815 auctu
938 757 1032 834 majus
1051 756 1196 833 sepultum
1214 764 1258 817 est
1278 751 1349 832 (Liv.
1367 772 1395 828 4,
1419 770 1446 824 2,
1468 769 1505 822 2;

242 875 293 934 29,
316 873 363 934 27,
386 856 426 934 3);
457 857 597 917 translate
623 865 718 916 exstat
738 873 769 928 2,
791 872 855 932 40,
873 873 903 932 5:
930 857 1013 934 hujus
1040 857 1091 917 viri
1114 856 1264 933 fastigium
1290 857 1378 918 tantis
1400 857 1508 914 aucti·

242 960 297 1018 bus
319 959 438 1019 fortuna
459 959 562 1026 extulit
583 955 699 1036 (Varro,
722 958 840 1028 Poetae,
862 957 947 1028 Tac,
969 957 1025 1017 vid.
1043 958 1191 1049 ‘Boettich.
1209 959 1292 1018 lexic.
1315 978 1344 1036 p.
1368 956 1426 1034 74).
1537 979 1538 1028 l

331 1043 434 1137 cetego
456 1060 598 1121 translate
620 1068 776 1138 usurpatur
803 1080 858 1138 pro
885 1064 992 1121 usitato
1018 1062 1163 1121 vocabulo
1189 1062 1315 1121 tenebrae
1337 1077 1366 1130 2,
1389 1059 1445 1136 36,
1476 1077 1505 1118 11
1537 1029 1538 1070 i

243 1161 378 1222 omnibus
400 1162 466 1222 viris
481 1162 690 1239 magnitudine
708 1180 763 1222 sua
782 1163 952 1222 inducturus
970 1164 1126 1239 caliginem
1148 1161 1177 1243 (i.
1196 1183 1222 1223 e.
1240 1165 1376 1224 tenebras
1397 1163 1507 1222 obdu·

244 1259 364 1340 cturus).

331 1364 481 1424 Cleritudo
504 1385 558 1442 pro
579 1369 709 1425 claritate
726 1383 751 1436 2,
772 1384 805 1437 11,
823 1383 855 1442 31
878 1374 910 1424 ut
927 1367 1015 1443 paulo
1033 1375 1104 1427 ante
1120 1367 1271 1442 Domitiae
1293 1366 1433 1436 familiae,
1457 1366 1506 1425 ita

248 1467 394 1528 Caeciliae
417 1467 548 1526 notanda
566 1467 709 1526 claritudo
732 1476 788 1539 est;
811 1483 895 1544 2,17‚
915 1485 944 1528 2:
967 1488 1035 1528 cum
1057 1469 1185 1528 familiae
1202 1467 1431 1546 ejus'claritudo
1454 1469 1507 1526 in·

162 1565 166 1572 ’
246 1570 381 1629 termissa
402 1575 490 1637 esset;
512 1584 666 1644 2,130,1:
689 1553 840 1648 qui'quod
859 1589 990 1648 unquam
1013 1571 1184 1631 claritudine
1202 1571 1332 1639 eminuit,
1354 1569 1384 1628 id
1406 1570 1506 1628 veluti
1537 1597 1538 1624 t

243 1677 405 1746 cognatum
419 1678 519 1729 censet
527 1670 669 1730 tuendum
678 1668 763 1744 (Cato
773 1672 815 1741 fr.,
829 1672 908 1742 sall,
922 1673 1005 1744 Tac,
1016 1673 1053 1732 cf.
1064 1673 1205 1732 Boettich.
1215 1673 1299 1731 lexic.
1308 1672 1383 1730 Tac.
1395 1692 1426 1748 p.
1439 1669 1505 1748 9ο).

332 1770 497 1830 Claustrune
521 1767 684 1850 (singularis
707 1773 801 1832 forma
820 1773 900 1833 Curt.
919 1790 950 1848 4,
969 1791 998 1849 5,
1021 1791 1063 1845 21;
1086 1791 1115 1850 7,
1139 1773 1170 1845 6,
1195 1772 1244 1850 13),
1270 1775 1352 1850 cujus
1373 1772 1505 1850 pluralis

246 1877 374 1933 claustra
402 1892 453 1950 per
478 1874 699 1933 translationem
725 1877 842 1951 ponitur
865 1893 890 1944 1,
914 1891 958 1951 17,
980 1893 1013 1949 4:
1044 1877 1203 1954 eminentia
1228 1877 1367 1954 cujusque
1398 1876 1505 1950 operis

246 1976 411 2036 arctissimis
433 1984 600 2053 temporum
622 1977 755 2036 claustris
778 1977 958 2037 circumdata
980 1973 1052 2055 (Cic.
1074 1997 1128 2055 pro
1150 1978 1227 2037 Mur.
1249 1976 1276 2046 8,
1301 1991 1343 2052 17:
1366 1975 1505 2035 claustra

249 2077 407 2138 nobilitatis
429 2077 619 2155 perfringere;
631 2077 838 2155 Posteriores).

334 2178 471 2238 Coe‘rce'tc'o
493 2198 519 2252 2,
540 2195 587 2256 47,
609 2197 640 2256 31
663 2181 715 2240 sed
737 2183 799 2260 eJus
822 2182 991 2242 consulatus
1012 2199 1131 2241 omnem
1153 2183 1211 2240 vim
1233 2182 1264 2240 in
1285 2180 1502 2239 coercitionem
1537 2215 1538 2252 ,

246 2283 372 2342 ambitus
400 2284 541 2354 exercuit;
568 2300 597 2354 2,
626 2300 684 2355 121,
713 2303 739 2343 1:
771 2271 839 2344 c'um
865 2285 1060 2345 dissensiones
1086 2284 1263 2343 coercitione
1284 2283 1379 2358 magis
1402 2301 1501 2359 quam

245 2401 345 2458 poena
378 2383 517 2443 mollisset
544 2380 616 2460 (Liv.
643 2403 675 2459 4,
703 2401 752 2460 53,
779 2401 807 2461 7;
836 2387 885 2455 26,
912 2387 964 2462 36,
992 2403 1035 2456 12;
1062 2387 1153 2457 Cels,
1178 2386 1245 2445 Sen.
1271 2384 1351 2461 phil,
1383 2384 1503 2457 Quint,

246 2484 329 2554 Tac„
351 2479 451 2561 Suet).
1173 2553 1176 2558 Ι

335 2583 510 2645 Commeolns
537 2593 581 2646 est
606 2591 688 2647 venia
718 2591 800 2647 etiam
828 2597 918 2648 extra
942 2610 1001 2648 rem
1033 2592 1184 2648 militarem
1215 2605 1244 2660 2,
1271 2606 1324 2666 99,
1351 2605 1380 2646 2:
1412 2606 1502 2647 com-

247 2693 378 2745 meatum
401 2706 419 2745 a
441 2705 543 2748 socero
570 2691 660 2766 petiit.
704 2689 754 2750 Cf.
775 2690 905 2750 Gronov.
930 2690 969 2750 ad
990 2691 1064 2750 Tac.
1087 2691 1187 2766 Agric.
1209 2707 1235 2767 5,
1258 2691 1308 2768 qui
1330 2690 1429 2750 locum
1453 2691 1503 2748 af-

247 2788 303 2847 fert
325 2806 362 2846 ex
384 2786 446 2848 Cic.
469 2791 553 2849 Verr.
576 2806 602 2867 5,
624 2807 671 2866 43,
696 2806 753 2850 1111
775 2791 925 2868 Syracusis
942 2794 1082 2852 remansit
1103 2795 1132 2852 in
1155 2801 1333 2854 commeatu.
1376 2791 1423 2850 De
1447 2812 1504 2852 ve·

250 2890 300 2949 nia
321 2890 351 2947 in
373 2908 404 2948 re
426 2891 542 2950 militari
565 2901 658 2951 exstat
679 2909 704 2962 2,
729 2908 766 2964 11,
789 2910 814 2953 2.
1245 2973 1246 2978 η

338 2989 485 3050 Censortc'o
513 2993 613 3053 addito
639 2996 767 3068 genitivo
789 3013 815 3068 2,
838 3015 886 3074 99,
912 3014 937 3070 1;
959 3014 984 3069 2,
1005 3015 1072 3074 ¹103,
1095 3015 1126 3074 31
1149 2999 1296 3057 consortio
1322 2998 1502 3057 tribuniciae

250 3094 402 3168 potestatis
423 3091 513 3171 (Livi.
557 3094 660 3156 Cicero
682 3097 739 3156 hac
760 3117 832 3159 voce
853 3101 986 3160 absolute
1012 3103 1101 3161 utitur
1122 3099 1160 3159 de
1181 3101 1231 3158 oli.
1254 3117 1285 3174 3,
1308 3099 1340 3168 6,
1363 3098 1412 3157 261
1441 3099 1503 3157 hu·

249 3211 339 3253 mana
360 3197 517 3255 consortio.

337 3294 513 3372 Contemptus
534 3319 588 3376 pro
610 3320 660 3373 eo,
683 3303 762 3378 quod
785 3303 862 3379 apud
885 3302 1057 3363 Ciceronem
1083 3311 1127 3362 est
1149 3304 1307 3378 contemptio
1331 3318 1360 3373 2,
1383 3300 1438 3373 60,
1463 3319 1501 3376 31

251 3415 348 3473 neque
368 3399 393 3457 is
414 3409 476 3458 erat
499 3410 693 3479 contemptus,
717 3405 768 3463 sed
790 3413 892 3464 metus.
927 3405 1046 3464 Passivo
1069 3423 1156 3464 seusu
1178 3412 1273 3464 exstat
1295 3403 1381 3463 Caes.
1403 3404 1431 3460 b.
1457 3402 1501 3462 G.

250 3513 274 3567 2,
298 3513 347 3572 30,
370 3515 402 3572 4:
425 3507 607 3579 contemptui
628 3524 704 3577 esse,
727 3508 823 3566 activo
845 3507 924 3582 apud
945 3509 1031 3566 Auct.
1053 3508 1082 3565 b.
1105 3507 1189 3566 Alex.
1213 3522 1298 3581 74,3
1321 3503 1404 3578 (Liu,
1428 3505 1502 3580 aiii).

333 3599 493 3662 Excellenm
516 3623 570 3682 pro
592 3611 740 3683 excisione,
762 3611 902 3668 eversione
924 3626 950 3678 2,
972 3626 1001 3682 4,
1024 3627 1054 3684 3:
1082 3628 1136 3668 nec
1158 3610 1312 3684 quisquam
1334 3612 1403 3663 ante
1425 3621 1502 3665 eum

200 3767 204 3778 ⁵
250 3700 373 3760 clariore
395 3704 509 3764 urbium
531 3708 775 3769 excidio'nomen
797 3729 882 3769 suum
904 3704 1063 3786 perpetuae
1081 3709 1297 3768 commendavit
1317 3706 1501 3777 memoriae;

250 3817 275 3872 2,
298 3802 345 3879 98,
368 3821 398 3863 21
421 3807 546 3881 plurimo
568 3828 636 3870 cum
653 3828 755 3869 earum
776 3807 929 3888 (gentium)
951 3812 1077 3879 excidio;
1093 3827 1200 3886 -pro
1218 3811 1334 3867 interitu
1352 3824 1377 3878 2,
1396 3823 1445 3882 3ο,
1467 3826 1498 3868 11

252 3905 383 3979 partibus
414 3911 473 3968 suis
503 3911 659 3987 excidium,
685 3913 738 3971 sibi
768 3919 892 3971 mortem
919 3914 1081 3972 auctoravit
1101 3910 1205 3986 (Poet,
1232 3910 1301 3970 Sall.
1324 3911 1388 3970 hist.
1414 3926 1438 3978 1,
1463 3927 1499 3985 9;

252 4022 272 4078 4
304 4005 347 4077 61,
372 4025 401 4067 12
426 4005 506 4089 [1).];
527 4011 605 4087 Liui.

337 4110 487 4171 Facundia
509 4115 615 4190 aliquid
630 4116 729 4176 differt
747 4119 785 4175 ab
802 4118 965 4193 eloquentie,
984 4125 1016 4176 ut
1033 4135 1068 4176 ex
1086 4116 1186 4189 Quint.
1206 4097 1228 4175 1⁵.
1251 4133 1381 4192 prooem.
1398 4130 1432 4188 23
1451 4114 1499 4172 in-

255 4209 406 4287 telligitur:
434 4223 477 4272 est
502 4217 579 4273 enim
601 4216 739 4277 facundia
765 4218 889 4278 facilitas
912 4219 1026 4278 dicendi
1048 4228 1078 4277 et
1099 4219 1197 4294 copia,
1225 4217 1393 4294 eloquentia
1414 4214 1497 4273 addit

253 4313 379 4388 insuper,
402 4323 434 4372 ut
456 4317 530 4374 bene
552 4325 678 4394 apteque
701 4319 823 4380 facilitas
850 4321 901 4380 illa
923 4330 952 4380 et
974 4322 1060 4396 copia
1085 4321 1266 4381 adhibeatur.
1310 4319 1377 4397 jam
1399 4317 1496 4375 Varro

169 4461 176 4476 .
252 4413 289 4472 de
308 4414 376 4490 ling.
393 4417 443 4476 lat.
463 4416 490 4488 6,
509 4431 525 4493 7
547 4419 587 4478 ita
610 4420 768 4496 distinguit,
786 4431 818 4481 ut
834 4423 1039 4500 interpretetur
1051 4424 1201 4501 facundos
1218 4439 1289 4491 esse,
1312 4421 1362 4496 qui
1375 4419 1494 4498 seretur,
