3086 5118
573 331 763 409 -9‚··

28 502 126 580 quod,
150 504 272 580 quasin
294 502 499 561 dissertatione
516 499 554 559 de
572 500 677 578 Velleji
695 501 859 561 elocutione
877 501 985 575 scripta
1003 498 1113 559 contuli
1130 497 1210 558 locos
1228 515 1297 572 par·

29 606 87 665 tim
112 624 149 664 611
174 605 274 664 lexicis
295 602 409 663 Latinis
436 602 543 678 partim
569 619 605 660 ex
632 600 814 674 ,indicibus‘,
841 602 891 678 qui
917 600 958 661 ad
985 595 1115 677 singulos
1142 600 1296 675 scriptores

30 707 123 766 nobis
146 712 264 783 praesto
286 713 363 774 sunt,
392 703 550 779 desumpsi,
572 703 686 780 quibus,
710 721 801 780 quam
823 705 931 779 exigua
953 721 1042 780 saepe
1064 703 1134 762 fide's
1157 700 1296 760 habenda

30 809 81 878 sit,
105 808 243 866 omnibus
266 813 370 866 notum
392 803 460 881 est):

127 907 269 967 Celsitiido
291 925 345 983 pro
367 908 529 975 altitudine,
552 908 713 964 excelsitate
735 905 840 965 dicitur
862 922 891 977 2,
914 923 968 983 94,
991 923 1021 965 2:
1041 907 1155 984 juvenis
1177 922 1294 980 genere,

32 1011 147 1080 forma,
179 1008 351 1068 celsitudine
377 1008 506 1083 corporis
532 1009 723 1084 maximoque
748 1009 867 1083 ingenio
893 1008 1131 1068 instructissimus
1158 1002 1229 1084 (Cic.
1259 1005 1296 1064 de

30 1112 84 1169 off.
109 1127 141 1185 3,
166 1127 194 1186 5,
217 1126 254 1183 24
276 1127 348 1168 voce
370 1108 546 1168 excelsitatis
574 1107 680 1184 utitur).
724 1108 771 1168 De
797 1108 952 1169 altitudine
973 1110 1119 1168 montium
1140 1113 1297 1182 usurpatur

31 1214 171 1270 celsitudo
202 1211 290 1287 Apul.
318 1209 355 1269 de
381 1210 493 1269 mundo
519 1227 570 1284 331
601 1209 760 1287 Olympus,
791 1212 841 1288 qui
868 1219 914 1271 est
939 1209 1117 1272 celsitudinis
1148 1223 1296 1278 summae;

32 1313 235 1389 metonymice
257 1312 361 1371 dicitur
386 1313 425 1372 ab
446 1313 606 1372 Ammiano
629 1312 805 1372 Marcellino
828 1309 887 1389 (23,
912 1312 944 1384 6,
967 1311 1017 1372 28:
1044 1313 1192 1397 maximae
1213 1309 1296 1370 celsi·

33 1416 154 1474 tudines
177 1414 321 1473 montium
343 1421 373 1472 et
397 1430 441 1489 15,
466 1429 514 1485 10,
538 1414 571 1472 6:
593 1414 653 1473 alia
675 1413 818 1474 celsitudo
840 1415 963 1474 erectior
985 1413 1032 1490 [de
1053 1411 1176 1489 Alpib'us
1199 1429 1296 1470 sermo

39 1515 100 1591 fitl).
136 1514 224 1591 Apud
242 1515 313 1591 juris
335 1516 486 1574 consultos
507 1523 538 1575 et
560 1524 658 1592 patres
676 1517 808 1574 celsitudo
829 1516 931 1576 titulus
954 1525 1014 1587 est,-
1028 1533 1089 1592 quo
1111 1513 1297 1590 appellantur

33 1635 139 1675 comes
161 1634 311 1676 sacramm
338 1617 528 1692 largitionum
550 1625 580 1676 et
606 1617 773 1692 praelectus
795 1619 956 1693 praetorio,
984 1616 1063 1677 velut
1084 1615 1158 1676 Cod.
1180 1613 1295 1672 Theod.

34 1715 65 1786 6,
89 1716 135 1786 26,
154 1716 192 1790 ,18
215 1724 245 1775 et
266 1717 292 1788 8,
315 1733 341 1794 3,
364 1734 414 1792 23;
437 1718 571 1777 Cassiod.
596 1737 657 1777 var.
680 1735 705 1789 2,
728 1734 773 1795 37.
1306 1713 1309 1718 ’

129 1817 340 1878 Consummatio
362 1837 416 1894 pro
432 1819 615 1898 perfectione,
639 1821 812 1880 absolutione
834 1822 951 1898 ponitur
972 1836 998 1891 2,
1023 1817 1081 1889 116,
1103 1835 1135 1892 4:
1159 1835 1296 1876 cousum-

38 1921 171 1979 matione
211 1929 332 1980 evectae
366 1921 397 1979 in
432 1920 606 1980 altissimum
646 1930 860 1999 paternumque
900 1921 1051 1996 fastigium
1085 1918 1296 1994 magnitudinis

34 2020 152 2095 (Haase
174 2030 203 2081 et
225 2020 317 2080 Halm
340 2019 486 2097 imaginis)
503 2022 634 2082 defectus
656 2019 701 2083 est
722 2021 810 2098 (Cels.
831 2040 852 2092 1,
871 2040 889 2098 3
911 2030 992 2092 extr,
1015 2021 1084 2080 Sen.
1102 2037 1179 2080 suas.
1198 2019 1226 2089 6,
1249 2035 1295 2087 21;

42 2123 160 2184 Colum.
185 2140 207 2180 1.
229 2122 321 2198 prael.
345 2135 374 2197 7;
396 2123 469 2182 Plin.
492 2125 594 2194 ambo,
619 2123 740 2201 Quint).
784 2123 920 2183 Similiter
939 2123 1129 2203 adjectivum,
1152 2120 1233 2197 quod
1254 2127 1298 2179 est

37 2230 259 2294 consummatus,
281 2241 336 2301 pro
352 2227 491 2303 perfecto,
517 2226 643 2283 absoluto
667 2225 770 2285 dicitur
792 2242 817 2297 2,
842 2239 901 2301 117,
926 2241 952 2284 1:
980 2242 1048 2283 cum
1070 2225 1147 2282 intra
1169 2221 1298 2298 quinque

36 2325 235 2386 consummati
265 2326 338 2384 tanti
365 2325 462 2402 operis
487 2325 551 2385 dies
577 2326 713 2386 funestae
738 2345 776 2386 ex
798 2326 962 2386 Germania
988 2324 1131 2402 epistolae
1156 2331 1298 2382 venerunt

38 2424 129 2503 (Col,
157 2425 230 2484 Pliu.
257 2427 360 2497 ambo,
393 2427 460 2486 Sen.
487 2446 546 2503 ep,
574 2425 696 2502 Quint.)
747 2427 975 2487 Consummandi'
1002 2427 1124 2486 verbum
1155 2424 1298 2484 invenitur

40 2527 119 2603 apud
143 2525 281 2586 Ovidium
303 2529 431 2603 primum
452 2525 529 2604 (fast.
552 2545 583 2605 3,
605 2525 669 2604 166)
691 2529 771 2606 apud
799 2530 964 2588 Vitruvium
993 2546 1018 2598 1,
1044 2544 1070 2597 1,
1088 2544 1108 2600 4
1131 2535 1160 2586 et
1181 2527 1297 2601 saepius

37 2627 118 2705 apud
140 2628 268 2698 Livium,
296 2637 327 2687 ut
349 2629 398 2700 28,
422 2643 466 2705 17,
489 2645 520 2705 3;
544 2646 593 2706 29,
617 2647 665 2706 23,
689 2647 721 2704 4;
744 2631 866 2707 epitom.
890 2629 927 2689 68
950 2638 1022 2689 extr.
1045 2637 1075 2689 et
1097 2627 1176 2704 apud
1199 2627 1298 2686 Velle·

38 2732 102 2807 jum
122 2731 220 2807 ‘ipsum
242 2747 268 2801 2,
290 2729 338 2806 89,
361 2747 391 2801 2;
414 2747 440 2801 2,
465 2747 521 2808 115,
544 2747 564 2805 4
587 2728 793 2810 (Posteriores).

10 2909 17 2920 .
127 2830 310 2912 Conversatio
334 2833 451 2908 proprie
477 2833 592 2894 videtur
613 2834 779 2908 significare
796 2835 982 2911 frequentent
1005 2850 1087 2890 nrum
1110 2832 1298 2904 actionemque

38 2944 119 3008 saepe
127 2935 272 3003 versandi,
291 2942 323 2992 ut
340 2933 421 3010 apud
434 2935 536 2994 Senec.
552 2934 590 2993 (16
608 2934 704 2993 benef.
719 2951 746 3009 3,
761 2949 786 3004 2,
801 2949 832 3008 3;
850 2933 925 2992 Ρ116.
939 2933 968 2992 11.
981 2952 1010 2992 6.
1031 2948 1075 3003 10,
1093 2948 1129 3007 33
1147 2928 1205 3006 (51),
1222 2945 1296 3001 100;

39 3033 180 3092 translate
201 3035 318 3109 ponitur
344 3053 398 3110 pro
426 3029 638 3105 cons'iietudine,
661 3037 888 3113 familiaritate,
914 3042 947 3093 ut
972 3053 992 3095 a
1014 3034 1129 3110 Vellejo
1155 3033 1249 3108 primo
1272 3048 1297 3101 2,

42 3149 105 3204 102,
130 3151 160 3209 3:
185 3152 242 3193 nec
264 3135 357 3194 deluit
378 3138 562 3195 conversatio
583 3135 738 3194 hominum
760 3137 829 3194 vitia
850 3136 912 3213 ejus
934 3136 1134 3195 assentatione
1156 3135 1297 3194 alentium

38 3233 115 3311 (Sen.
145 3235 233 3307 rhet,
264 3235 338 3296 Plin.
366 3239 449 3314 maj„
482 3237 599 3310 Quint,
632 3238 719 3308 Tac,
752 3237 856 3315 Justin.
888 3237 934 3297 Cl.
961 3236 1080 3296 Ruhuk.
1107 3235 1145 3296 ad
1169 3230 1248 3295 Vell.
1272 3249 1296 3301 2,

44 3353 105 3407 102,
128 3353 159 3412 3;
182 3333 324 3413 Spalding
347 3338 386 3398 ad
409 3339 510 3412 Q'uint.
534 3339 561 3410 6,
585 3356 612 3415 3,
636 3335 672 3416 7).

123 3437 303 3518 Effluvi'um.
335 3439 402 3500 Hoc
424 3441 615 3511 vocabulum,
638 3440 720 3517 quod
741 3448 832 3498 actum
856 3440 1001 3518 effluendi
1015 3439 1167 3512 significat,
1194 3435 1298 3512 Velleji

41 3541 164 3600 editores
187 3559 224 3599 ex
244 3549 383 3617 corrupta
404 3542 531 3601 lectione
548 3540 647 3618 (editio
665 3543 801 3618 princeps
823 3549 853 3599 et
876 3541 1081 3616 apographum
1098 3537 1300 3604 Amerbachii:

48 3643 77 3700 16
98 3641 196 3719 fluuio)
220 3650 383 3720 praeeunte
405 3643 505 3719 Lipsio
532 3644 561 3701 in
583 3651 695 3705 textum
718 3650 891 3718 receperunt
913 3658 942 3712 2,
967 3657 1033 3711 120,
1057 3657 1092 3713 4:
1114 3649 1146 3698 ut
1168 3640 1299 3716 protinus

48 3745 194 3818 sanguinis
226 3745 398 3820 cerebrique
429 3745 548 3804 effluvio
570 3746 732 3820 exspiraret
752 3740 835 3820 (Plin.
852 3745 881 3802 h.
899 3763 928 3801 6.
946 3758 971 3818 7,
995 3758 1025 3817 51
1045 3740 1105 3818 (32),
1131 3757 1188 3816 171:
1216 3759 1301 3800 umo·

42 3844 79 3902 ris
101 3862 117 3901 e
137 3861 259 3919 corpore
281 3845 444 3916 effluvium3
469 3846 637 3906 Taciann.
657 3863 696 3918 12,
715 3862 763 3922 57:
786 3846 951 3905 convivium
971 3844 1088 3903 effluvio
1106 3843 1188 3902 lacus
1207 3842 1301 3918 adpo·

47 3927 147 4021 situm).
653 3939 656 3948 ⁴

124 4047 306 4108 Exercitiurn
338 4051 399 4110 sive
424 4049 544 4126 pluralis
571 4048 667 4108 forma
697 4050 838 4107 exercitia
860 4065 915 4124 pro
951 4046 1215 4114 exercitationibus,
1243 4061 1303 4119 qua

44 4167 112 4209 voce
133 4149 237 4208 Cicero
259 4167 375 4226 semper
396 4153 494 4220 utitur,
516 4158 613 4210 exstat
643 4165 768 4225 2,109,
794 4166 819 4207 1:
851 4167 959 4225 corpus
986 4148 1133 4225 perpetuis
1159 4145 1304 4204 exercitiis

46 4269 135 4324 paene
156 4251 195 4309 ad
214 4251 384 4310 Romanam
407 4251 576 4327 disciplinae
606 4251 732 4310 formam
755 4249 916 4309 redactum.
951 4248 1113 4326 Singularis
1135 4247 1230 4306 forma
1252 4246 1305 4304 hu·

45 4360 88 4434 jus
108 4354 183 4412 vocis
205 4353 340 4413 absolute
368 4353 471 4412 dicitur
493 4354 590 4414 Tacit.
619 4354 690 4412 hist.
713 4369 743 4428 3,
758 4351 821 4427 ’361
853 4371 914 4412 606
943 4352 1082 4430 adloquio
1110 4351 1306 4424 exercitioque

49 4452 163 4514 militem
182 4454 312 4525 firmare;
335 4456 398 4515 aliis
421 4455 505 4525 locis,
529 4457 578 4532 qui
596 4453 677 4531 apud
694 4454 834 4514 Tacitum
856 4462 982 4523 exstant,
1002 4451 1232 4529 genitivus-huic
1256 4467 1307 4507 vo·
