3086 5118
772 263 972 322 ...26-

248 451 337 510 Prud.
369 451 447 512 cath.
477 466 524 521 10,
558 450 618 526 167.
655 481 695 494 ·-
733 449 877 512 Genitalis
908 451 970 511 dies
1001 469 1067 528 pro:
1099 451 1160 511 dies
1191 450 1297 512 natalis
1327 451 1401 510 Tac.
1431 470 1510 510 ann.

249 553 296 624 16,
322 569 363 626 14.

261 695 264 704 .
335 653 457 713 Geticus.
504 653 633 714 Geticum
655 654 765 714 bellum
786 670 816 724 2,
839 669 890 730 59,
913 670 933 728 4
956 652 1034 726 (Ov.,
1057 651 1148 730 Stattt

337 755 502 816 Germanus
519 773 586 832 pro:
606 754 797 815 Germanias
814 773 840 827 2,
861 754 925 828 rob,
944 772 973 814 2:
996 755 1080 815 fracti
1097 755 1296 832 Longobardi,
1314 772 1387 831 gens
1408 756 1509 812 etiam

211 843 213 847 ¹
250 856 402 918 Germana
424 856 539 918 feritate
561 858 686 917 ferocior
707 856 782 934 (Ov.,
805 857 904 934 Pers).

333 958 444 1019 Hirtus
462 968 550 1037 atque
568 959 715 1018 borrellus.
734 958 837 1036 ⁸Haec
854 960 1006 1031 vocabula,
1026 976 1103 1037 quae
1120 957 1237 1035 proprie
1254 957 1407 1026 hirsutum,
1434 957 1509 1016 hor-

249 1079 316 1120 rens
339 1061 465 1122 crinibus
486 1058 658 1139 (‚struppig‘)
680 1061 852 1136 significant,
876 1061 1087 1120 transferuntur
1109 1077 1128 1118 a
1150 1058 1265 1136 Vellejo
1286 1058 1325 1118 ad
1346 1059 1508 1134 ingenium

249 1171 279 1221 et
301 1155 397 1222 mores
419 1162 519 1222 inculti
541 1170 571 1223 et
592 1163 631 1223 ab
654 1163 803 1238 elegantia
825 1162 939 1222 urbana
960 1161 1048 1221 alieni
1065 1161 1151 1222 Marii
1169 1178 1194 1233 2,
1215 1178 1252 1232 11,
1273 1176 1298 1219 1:
1322 1159 1355 1218 C.
1373 1160 1505 1229 Marius,

188 1295 189 1300 κ
250 1263 340 1324 hirtus
361 1270 451 1341 atque
474 1263 607 1324 horridus
629 1265 746 1341 vitaque
768 1270 896 1324 sanctus.
940 1262 987 1323 Cf.
1007 1263 1082 1323 Hor.
1104 1282 1150 1340 ep.
1175 1281 1197 1334 1,
1220 1280 1247 1339 5,
1270 1278 1315 1322 22:
1343 1261 1505 1337 ingenium

249 1383 309 1424 nou
330 1364 474 1425 incultum
495 1384 551 1426 nec
572 1368 693 1442 turpiter
715 1367 832 1426 hirtum.
878 1365 1030 1424 Horridus
1051 1364 1156 1424 eadem
1182 1357 1408 1441 significatione,
1438 1381 1505 1439 qua

249 1467 329 1544 apud
351 1466 507 1545 Vellejum,
531 1467 620 1526 etiam
648 1469 727 1544 apud
750 1468 923 1528 Ciceronem
946 1477 1040 1528 exstat
1062 1467 1149 1546 (Brut.¹
1171 1485 1218 1543 31,·
1238 1480 1298 1542 117:
1320 1466 1446 1525 Tubero
1472 1474 1506 1523 ut

247 1569 307 1627 vita
324 1569 365 1627 sic
387 1567 521 1644 oratione
542 1568 641 1639 durus,
663 1569 796 1640 incultos,
819 1569 970 1646 horridus).
1535 1645 1536 1648 Ἴ

334 1669 446 1730 Ilrbcur
467 1685 535 1746 pro:
561 1669 708 1748 Trojauur
732 1689 757 1742 1,
780 1688 810 1746 5,
833 1687 862 1729 2:
884 1671 935 1749 qui
956 1671 1047 1731 Iliaca
1068 1677 1279 1748 componentes
1300 1678 1439 1746 tempora
1464 1670 1504 1727 de
1535 1651 1536 1666 ἓ

247 1789 284 1830 ea
305 1772 425 1846 regione
442 1779 676 1830 commemorant
694 1766 726 1848 [i.
743 1790 769 1831 e.
787 1791 834 1832 res
851 1773 949 1832 Iliacis
966 1773 1145 1850 temporibus
1163 1780 1262 1848 gestas
1280 1767 1500 1849 describentes]

250 1870 359 1948 (Verg.‚
383 1870 448 1943 Ov.,
471 1871 722 1944 Hor.‚Sil.1tal.‚
745 1875 794 1933 alii
815 1873 940 1951 poetae).

332 1974 488 2050 Impatiens
504 1975 712 2052 praeeuntibus
730 1974 835 2035 Ovidio
852 1984 882 2035 et
896 1977 1028 2052 Vergilio
1043 1977 1120 2044 inter
1137 1993 1242 2053 prosae
1263 1976 1403 2035 orationis
1428 1976 1503 2034 scri·

247 2084 346 2152 ptores
368 2075 479 2135 videtur
505 2084 622 2136 exstare
648 2077 728 2154 apud
754 2079 881 2154 primum
903 2078 1061 2155 Vellejum‚
1089 2078 1139 2154 qui
1165 2076 1307 2155 adjectivo
1333 2077 1502 2152 genitivum

247 2177 389 2257 adjungit¹
401 2193 427 2247 2,
445 2193 489 2253 23,
510 2194 536 2236 1:
558 2178 600 2235 vir
623 2165 728 2254 quietis
749 2179 1019 2255 impatientissimus
1040 2178 1121 2254 (Coi,
1143 2180 1210 2238 Seu.
1229 2179 1305 2255 phil,
1324 2179 1396 2237 Plin.
1415 2178 1499 2254 maj„

247 2277 340 2354 Tae).
384 2278 494 2350 Locus,
522 2295 610 2352 quem
630 2278 763 2340 Klotzius
789 2281 819 2339 in
840 2280 935 2340 lexico
957 2281 1064 2341 Latino
1086 2299 1123 2340 ex
1144 2280 1206 2339 Liv.
1229 2297 1259 2356 5,
1282 2295 1326 2355 37,
1348 2296 1368 2353 4
1397 2279 1501 2352 (Klotz

248 2379 322 2439 salso
344 2395 373 2456 5,
397 2380 442 2457 38)
464 2381 561 2452 affert,
585 2397 664 2439 nunc
686 2391 832 2441 correctus
854 2391 900 2442 est
920 2383 1018 2460 ibique
1039 2383 1145 2458 legitur
1167 2383 1323 2458 ‚impotens
1345 2383 1405 2440 est‘.

332 2480 528 2541 Ineluctabilis
549 2497 578 2552 2,
602 2496 645 2558 57,
669 2498 700 2557 3:
723 2482 775 2542 sed
796 2483 928 2559 prolecto
946 2484 1139 2544 ineluctabilis
1161 2484 1288 2544 satorum
1310 2484 1350 2542 vis
1373 2482 1501 2541 consilia

248 2582 416 2659 corrumpit.
460 2582 516 2653 ‚Ex
538 2583 627 2658 Verg.
650 2585 724 2643 Aen.
747 2582 773 2654 8,
796 2599 862 2659 554.
906 2586 963 2644 Pro
985 2604 1044 2663 quo
1065 2585 1128 2645 Liv.
1150 2585 1177 2658 8,
1201 2601 1225 2661 7,
1249 2585 1283 2645 8:
1305 2585 1500 2659 inexsupera-
1536 2584 1537 2662 l

247 2684 314 2744 bilis
335 2686 377 2744 vis
400 2683 464 2755 fati;
491 2682 576 2742 Ovid.
598 2693 668 2744 met.
693 2700 736 2761 15,
760 2685 832 2762 807:
863 2687 1059 2763 insuperabile
1081 2686 1188 2757 fatum;
1211 2686 1291 2746 Curt.
1317 2701 1364 2757 10,
1389 2703 1414 2754 1,
1439 2700 1498 2758 30:

247 2785 421 2846 inevitabilis
443 2802 506 2845 sors
528 2786 589 2844 sati.
624 2786 820 2846 Ineluctabilis
841 2788 872 2846 in
893 2788 990 2847 soluta
1012 2789 1145 2848 oratione
1163 2789 1252 2847 etiam
1274 2789 1408 2847 dixerunt
1426 2789 1498 2846 Sen.

247 2895 308 2946 nat.
330 2895 444 2963 quaest.
468 2886 496 2958 6,
519 2901 544 2962 7,
567 2903 583 2946 2
606 2896 636 2948 et
656 2889 803 2949 Arnobius
825 2904 858 2965 7,-
875 2905 902 2948 11
925 2890 995 2948 init.‘
1026 2889 1228 2949 Ruhnkenius.

331 2988 491 3046 Interritus
511 3007 577 3064 pro:
600 3009 656 3048 non
673 2993 860 3065 perterrt'lus,
883 3011 939 3050 nun
961 2994 1077 3050 iiinrilus
1098 3009 1127 3062 2,
1150 3007 1201 3068 70,
1225 3009 1256 3050 2:
1282 2999 1496 3069 extentamque

247 3077 392 3148 cervicem
414 3090 559 3150 interritus
581 3091 684 3151 liberto
706 3094 840 3168 praebuit
865 3090 975 3168 (Verg,
998 3093 1063 3165 Ov.,
1085 3094 1152 3154 Sen.
1171 3094 1249 3171 phil,
1273 3093 1383 3167 Quint,
1405 3094 1497 3164 Tac„

248 3189 321 3248 Plin.
345 3190 431 3267 min).

331 3291 447 3352 Rasilis
468 3311 535 3370 pro:
552 3297 720 3371 perpolitus,
742 3298 885 3371 levigatus
905 3312 931 3370 a,
949 3295 995 3372 56,
1014 3313 1043 3355 2:
1065 3297 1202 3375 triumphi
1219 3297 1423 3373 Hispaniensis
1442 3316 1498 3373 ap-

247 3404 368 3470 paratus
390 3404 515 3471 argento
537 3397 616 3458 rasili
637 3399 773 3458 constitit.
808 3398 1014 3474 Intelliguntur
1035 3398 1192 3458 simulacra
1213 3408 1243 3458 et
1264 3399 1375 3460 sercula
1392 3418 1429 3457 ex
1447 3418 1499 3459 ar-

248 3497 360 3571 genteis
382 3497 498 3558 laminis
519 3499 627 3576 politis,
647 3501 780 3576 levigatis
802 3519 861 3559 non
883 3501 1005 3560 caelatis
1025 3500 1133 3576 (Verg.‚
1158 3500 1223 3572 Ov.,
1245 3501 1319 3560 Plin.
1342 3499 1428 3579 mai).

333 3596 458 3656 Rebellis
480 3617 548 3658 eum
570 3602 721 3677 significat,
745 3604 794 3680 qui
815 3602 845 3661 in
867 3601 1044 3662 deditionem
1061 3612 1199 3679 acceptus
1221 3604 1330 3662 bellum
1352 3622 1498 3663 renovare

248 3697 346 3757 studet
363 3714 388 3769 2,
407 3714 457 3788 oo,
477 3716 503 3759 1:
526 3701 674 3762 Delmatia
694 3723 789 3766 annos
812 3705 912 3780 viginti
934 3713 964 3764 et
984 3704 1125 3765 ducentos
1148 3705 1264 3767 rebellis
1286 3704 1401 3782 (Verg,
1424 3705 1494 3778 Ov.,

249 3799 315 3859 Val.
338 3798 428 3872 Max„
447 3802 531 3873 Tac„
548 3801 674 3880 poster).
687 3836 727 3847 -

167 3913 169 3916 ·
332 3901 388 3962 His
406 3903 554 3982 adjectivis
568 3899 696 3983 Vellejus
717 3907 960 3980 significationem
982 3917 1034 3968 aut
1056 3917 1231 3968 structuram
1253 3910 1291 3969 ab
1314 3910 1495 3987 optimorum

248 4004 421 4078 scriptorum
443 3992 654 4066 consuetudine
676 4007 881 4068 abhorrentem
903 4011 1053 4086 imposuit:

332 4108 447 4183 Aequus
468 4127 553 4184 quam
575 4125 643 4184 pro:
666 4128 771 4184 aequus
792 4116 873 4186 alque
894 4112 1011 4188 ponitur
1032 4127 1061 4184 2,
1087 4129 1145 4183 121,
1170 4129 1196 4171 1:
1219 4114 1385 4189 postulante
1407 4121 1493 4189 patre

248 4210 319 4288 ejus,
341 4218 373 4268 ut
395 4227 524 4286 aequum
546 4209 639 4288 eiius
660 4210 691 4270 iu
712 4210 847 4272 omnibus
869 4213 1023 4288 provinciis
1044 4216 1275 4292 exercitibusque
1293 4223 1378 4286 esset,
1401 4232 1493 4291 quarn

247 4320 310 4371 erat
328 4311 390 4388 ipsi.
409 4310 510 4383 Quum
527 4312 653 4389 primum
671 4313 750 4387 apud
767 4311 904 4372 Plautum
921 4313 994 4390 (Mil.
1012 4331 1037 4387 2,
1056 4335 1081 4393 5,
1101 4333 1135 4394 55
1150 4312 1248 4395 [465];
1270 4317 1356 4394 Epid.
1375 4333 1401 4389 2,
1415 4335 1441 4393 5,
1457 4316 1492 4394 2),

248 4413 353 4486 deinde
369 4414 454 4492 ‘apud
475 4413 590 4474 Livium
611 4413 645 4491 (5,
669 4429 695 4490 5,
718 4429 751 4488 4;
773 4430 815 4488 51,
840 4431 862 4486 r,
884 4411 913 4494 5)
935 4424 965 4476 et
985 4420 1160 4494 posteriores
1183 4437 1302 4496 aeque.
1322 4463 1329 4478 .
1349 4461 1356 4478 .
1376 4462 1383 4478 .
1402 4437 1493 4496 quarn
